@book{DO07,
  title={Geometric folding algorithms},
  author={Demaine, Erik and O'Rourke, Joseph},
  year={2007},
  publisher={Cambridge University Press}
}

@misc{yt,
	title={{Infinite} {History} {Project} {Interview}},
	author={Demaine, Erik},
	howpublished={MIT Youtube},
	month={March},
	year={2016},
	note={\url{https://www.youtube.com/watch?v=vA8MtDXbPQI}}
}

@article{stcut,
	author={Erik D. Demaine and Martin L. Demaine and
		Andrea Hawksley and Hiro Ito and Po-Ru Loh and
		Shelly Manber and Omari Stephens},
	title={{Making} {Polygons} by {Simple} {Folds}
		and {One} {Straight} {Cut}},
	journal={CGGA},
	year={2010}
}
