@article{DDLO02,
  title={Enumerating foldings and unfoldings between polygons and polytopes},
  author={Demaine, Erik and Demaine, Martin and Lubiw, Anna and O'Rourke, Joseph},
  journal={Graphs and Combinatorics},
  volume={18},
  number={1},
  pages={93--104},
  year={2002},
  publisher={Springer}
}
@inproceedings{ddlop99,
  title={Metamorphosis of the cube},
  author={Demaine, Erik and Demaine, Martin and Lubiw, Anna and O'Rourke, Joseph and Pashchenko, Irena},
  booktitle={Proc. SOCG},
  pages={409--410},
  year={1999},
  organization={ACM}
}
@book{DO07,
  title={Geometric folding algorithms},
  author={Demaine, Erik and O'Rourke, Joseph},
  year={2007},
  publisher={Cambridge University Press}
}
@book{alex,
title={Convex Polyhedra},
author={Alexandr Alexandrov},
year={2005},
  publisher={Springer-Verlag, Berlin}
}

@book{alex-ru,
	author = {Aлександр Александров},
	title = {Выпуклые многогранники},
	publisher = {Государственное издательство технико-теоретической литературы},
	year = {1950},
	address = {Образцовая типография имени {Жданова}, {Москва}}
}

@misc{lo96-dynprog,
  title={When can a polygon fold to a polytope?},
  author={Lubiw, Anna and O'Rourke, Joseph},
  booktitle={TR 048, Dept. of Comp. Sci., Smith College, Northampton, MA.},
  year={1996}
}

@inproceedings{kpd09-approx,
  title={A {Pseudopolynomial} {Algorithm} for {Alexandrov}'s {Theorem.}},
  author={Kane, Daniel M and Price, Gregory N and Demaine, Erik D},
  booktitle={WADS},
  pages={435--446},
  year={2009},
  organization={Springer}
}

@article{kl17-hex,
	title={{Which} {Convex} {Polyhedra} {Can} {Be} {Made}
	    by {Gluing} {Regular} {Hexagons}?},
	author={Arseneva, Elena and Langerman, Stefan},
	journal={Graphs and Combinatorics},
	pages={1–7},
	year={2019},
	publisher={Springer},
	DOI = {DOI: 10.1007/s00373-019-02105-3}
}


@article{sech,
	author = {S.~Sechelmann},
	title = {{Discrete} {Minimal} {Surfaces,} {Koebe} {Polyhedra,} and {Alexandrov}’s
		{Theorem.} {Variational} {Principles,} {Algorithms,} and {Implementation}},
	journal = {Diploma Thesis, Technische Universit\"at Berlin},
	year = {2007}
}

@article{boben,
     author = {Bobenko,~A.I. and Izmestiev,~I.},
     title = {Alexandrov's theorem, weighted {Delaunay} triangulations, and mixed volumes},
     journal = {Annales de l'Institut Fourier},
     publisher = {Association des Annales de l'institut Fourier},
     volume = {58},
     number = {2},
     year = {2008},
     pages = {447-505},
     doi = {10.5802/aif.2358},
     mrnumber = {2410380},
     zbl = {1154.52005},
     language = {en},
     url = {http://www.numdam.org/item/AIF_2008__58_2_447_0}
}

@article{jit-bose,
	author = {Bose, Prosenjit and Maheshwari, Anil and Shu, Chang and Wuhrer, Stefanie},
	title = {A survey of geodesic paths on 3D surfaces},
	journal = {Computational Geometry: Theory and Applications},
	year = {2011},
	volume = {44},
	pages = {486–498},
	doi = {10.1016/j.comgeo.2011.05.006}
}

@article{discr-geodes,
	author = {Mitchell,~J.S.B. and Mount,~D.M. and Papadimitriou,~C.H.},
	title = {{The} {Discrete} {Geodesic} {Problem}},
	journal = {SIAM Journal on Computing},
	month = {August},
	year = {1987},
	volume = {16},
	number = {4},
	pages = {647–668}
}

@inproceedings{chen-han,
	author = {Chen, Jindong and Han, Yijie},
	title = {Shortest paths on a polyhedron},
	booktitle = {6-th annual symposium on {Computational} geometry},
	year = {1990},
	publisher = {SCG '90},
	pages = {360–369},
	address = {Berkley, California, USA},
	month = {June},
	key = {10.1145/98524.98601},
}

@booklet{chen-han-storing,
	author = {Chen, Jindong and Han, Yijie},
	title = {Storing Shortest Paths for a Polyhedron},
	address = {Department of Computer Science, University of Kentucky}
}

@article{joe,
	author = {Joseph O'Rourke},
	title = {On Flat Polyhedra deriving from Alexandrov's Theorem},
	note = {arXiv:1007.2016v2 [cs.CG]},
	month = {September 9},
	year = {2015}
}

@inproceedings{hw-planar-iso,
	author = {Hopcroft, J.E. and Wong, J.K.},
	title = {Linear time algorithm for isomorphism of planar graphs},
	year = {1974},
	month = {May},
	pages = {172–184},
	note = {Preliminary report},
	booktitle = {STOC '74 6th annual ACM symposium on Theory of computing},
	key={10.1145/800119.803896}
}

@article{ss-optimal,
	author = {Schreiber, Yevgeny and Sharir, Micha}, 
	title = {An {Optimal-}{Time} {Algorithm} for {Shortest} {Paths} on
		a {Convex} {Polytope} in {Three} {Dimensions}},
	journal = {Discrete Computational Geometry},
	year = 2008,
	pages = {500–579},
	note = {Published online 19 September 2007}, 
	volume = 39
}

@booklet{epp-closed,
	title = {Polyhedra whose vertex coordinates have no closed form formula},
	author = {David Eppstein},
	year = {2015},
	howpublished = {https://11011110.github.io/blog/2015/12/06/polyhedra-whose-vertex.html}
}

@inproceedings{bannister2014galois,
  title={The {Galois} complexity of graph drawing: {Why} numerical solutions are ubiquitous for force-directed, spectral, and circle packing drawings},
  author={Eppstein, David and Bannister, Michael J and Devanny, William E and Goodrich, Michael T},
  booktitle={International Symposium on Graph Drawing},
  pages={149--161},
  year={2014},
  organization={Springer}
}

@article{z-bachthesis,
	author = {Zolotov, Boris},
	title = {{Algorithmic} {Aspects} of {Alexandrov}'s {Uniqueness} {Theorem}},
	journal = {Bachelor's Thesis, St. Petersburg State University},
	year = {2019}
}

@inproceedings{alz-penta,
	author = {Arseneva,~E. and Langerman,~S. and Zolotov,~B.},
	title = {A complete list of all convex shapes made by gluing regular pentagons},
	booktitle = {XVIII Spanish Meeting on Computational Geometry},
	address = {Girona, Spain},
	year = {2019},
	pages = {1–4}	
}
