% Бакалаврский диплом
@article{bachelors,
	author={Boris Zolotov},
	title={{Algorithmic} {Aspects} {of} {Alexandrov’s} {Uniqueness} {Theorem}},
	journal={Bachelor's thesis at the Faculty of Mathematics and Computer Sciences, SPBU},
	year={2019},
	pages={1-31}
}

% SEVD, опубликована в IPSJ
@article{sevd-jip,
  title={{Sublinear} {Explicit} {Incremental} {Planar} {Voronoi} {Diagrams}},
  author={Elena Arseneva and John Iacono and Grigorios Koumoutsos and Stefan Langerman and Boris Zolotov},
  journal={Journal of Information Processing},
  volume={28},
  pages={766-774},
  year={2020},
  doi={10.2197/ipsjjip.28.766}
}


% Пентагоны, опубликована в IPSJ
@article{alz-penta-jip,
  title={{A} {Complete} {List} {of} {All} {Convex} {Polyhedra} {Made} {by} {Gluing} {Regular} {Pentagons}},
  author={Elena Arseneva and Stefan Langerman and Boris Zolotov},
  journal={Journal of Information Processing},
  volume={28},
  pages={791-799},
  year={2020},
  doi={10.2197/ipsjjip.28.791}
}

% SEVD, конференция JCDCGGG
@inproceedings{sevd-jcdcggg,
	author={Elena Arseneva and John Iacono and Greg Koumoutsos and Stefan Langerman and Boris Zolotov},
	title={{Sublinear} {Explicit} {Incremental} {Planar} {Voronoi} {Diagrams}},
	booktitle={The 22-nd Japan Conference on Discrete and Computational Geometry, Graphs, and Games},
	year={2019},
	pages={33-34},
	month={September},
	note={}
}

% Пентагоны, конференция JCDCGGG
@inproceedings{alz-penta-jcdcggg,
	author={Elena Arseneva and Stefan Langerman and Boris Zolotov},
	title={{A} {Complete} {List} {of} {All} {Convex} {Polyhedra} {Made} {by} {Gluing} {Regular} {Pentagons}},
	booktitle={The 22-nd Japan Conference on Discrete and Computational Geometry, Graphs, and Games},
	year={2019},
	pages={33-34},
	month={September},
	note={}
}

% Квадраты: YRF
@inproceedings{squares-yrf,
	author={Stefan Langerman and Nicolas Potvin and Boris Zolotov},
	title={{Enumerating} {All} {Convex} {Polyhedra} {Glued} {from} {Squares} {in} {Polynomial} {Time}},
	booktitle={CG Week Young Researchers Forum 2021},
	year={2021},
	pages={61-64},
	month={June},
	note={Based on the project prepared during an exchange semester at ULB}
}


@book{cormen-iii,
	author={Thomas H. Cormen and
		Charles E. Leiserson and
		Ronald L. Rivest and
		Clifford Stein},
	title={Introduction to Algorithms},
	publisher={Massachusetts Institute of Technology},
	year={2009},
	edition={Third},
}

@book{kreveld-cg,
	author={Mark de Berg and
		Otfried Cheong and
		Marc van Jreveld and
		Mark Overmars},
	title={Computational Geometry. Algorithms and Applications},
	edition={Third},
	year={2008},
	publisher={Springer},
	key={DOI 10.1007/978-3-540-77974-2},
	note={ISBN 978-3-540-77973-5},
}

@incollection{DBLP:books/el/00/AurenhammerK00,
  author    = {Franz Aurenhammer and
               Rolf Klein},
  title     = {Voronoi Diagrams},
  booktitle = {Handbook of Computational Geometry},
  pages     = {201--290},
  year      = {2000},
  crossref  = {DBLP:books/el/00/SU2000},
  url       = {https://doi.org/10.1016/b978-044482537-7/50006-1},
  doi       = {10.1016/b978-044482537-7/50006-1},
  timestamp = {Fri, 28 Jun 2019 09:10:30 +0200},
  biburl    = {https://dblp.org/rec/books/el/00/AurenhammerK00.bib},
  bibsource = {dblp computer science bibliography, https://dblp.org}
}

@book{AKLVD,
	author={Aurenhammer, Franz and Klein, Rolf and Lee, {Der-Tsai}},
	editor={Aurenhammer, Franz and Klein, Rolf and Lee, {Der-Tsai}},
	title={{Voronoi} {Diagrams} {And} {Delaunay} {Triangulations}},
	publisher={{World} {Scientific} {Publishing} {Co.} {Pte.} {Ltd.}},
	year={2013},
	isbn={978-9814447638}
}

@book{DBLP:books/el/00/SU2000,
  editor    = {J{\"{o}}rg{-}R{\"{u}}diger Sack and
               Jorge Urrutia},
  title     = {Handbook of Computational Geometry},
  publisher = {North Holland / Elsevier},
  year      = {2000},
  url       = {https://doi.org/10.1016/b978-0-444-82537-7.x5000-1},
  doi       = {10.1016/b978-0-444-82537-7.x5000-1},
  isbn      = {978-0-444-82537-7},
  timestamp = {Fri, 28 Jun 2019 09:10:30 +0200},
  biburl    = {https://dblp.org/rec/books/el/00/SU2000.bib},
  bibsource = {dblp computer science bibliography, https://dblp.org}
}


@article{ST83,
  author    = {Daniel Dominic Sleator and
               Robert Endre Tarjan},
  title     = {A Data Structure for Dynamic Trees},
  journal   = {J. Comput. Syst. Sci.},
  volume    = {26},
  number    = {3},
  pages     = {362--391},
  year      = {1983},
  url       = {https://doi.org/10.1016/0022-0000(83)90006-5},
  doi       = {10.1016/0022-0000(83)90006-5},
  timestamp = {Wed, 14 Nov 2018 10:33:58 +0100},
  biburl    = {https://dblp.org/rec/journals/jcss/SleatorT83.bib},
  bibsource = {dblp computer science bibliography, https://dblp.org}
}


@inproceedings{KaplanMRSS17,
  author    = {Haim Kaplan and
               Wolfgang Mulzer and
               Liam Roditty and
               Paul Seiferth and
               Micha Sharir},
  title     = {Dynamic Planar Voronoi Diagrams for General Distance Functions and
               their Algorithmic Applications},
  booktitle = {Proceedings of the Twenty-Eighth Annual {ACM-SIAM} Symposium on Discrete
               Algorithms, {SODA} 2017},
  pages     = {2495--2504},
  year      = {2017},
  url       = {https://doi.org/10.1137/1.9781611974782.165},
  doi       = {10.1137/1.9781611974782.165},
  timestamp = {Wed, 24 May 2017 08:31:21 +0200},
  biburl    = {https://dblp.org/rec/conf/soda/KaplanMRSS17.bib},
  bibsource = {dblp computer science bibliography, https://dblp.org}
}

@inproceedings{Pet10,
  author    = {Seth Pettie},
  title     = {Applications of Forbidden 0-1 Matrices to Search Tree and Path Compression-Based
               Data Structures},
  booktitle = {Proceedings of the Twenty-First Annual {ACM-SIAM} Symposium on Discrete
               Algorithms, {SODA} 2010},
  pages     = {1457--1467},
  year      = {2010},
  url       = {https://doi.org/10.1137/1.9781611973075.118},
  doi       = {10.1137/1.9781611973075.118},
  timestamp = {Wed, 24 May 2017 08:31:21 +0200},
  biburl    = {https://dblp.org/rec/conf/soda/Pettie10a.bib},
  bibsource = {dblp computer science bibliography, https://dblp.org}
}
