@article{DBLP:journals/dcg/BarbaCILOS19,
  author    = {Luis Barba and
               Jean Cardinal and
               John Iacono and
               Stefan Langerman and
               Aur{\'{e}}lien Ooms and
               Noam Solomon},
  title     = {Subquadratic Algorithms for Algebraic 3SUM},
  journal   = {Discrete {\&} Computational Geometry},
  volume    = {61},
  number    = {4},
  pages     = {698--734},
  year      = {2019},
  url       = {https://doi.org/10.1007/s00454-018-0040-y},
  doi       = {10.1007/s00454-018-0040-y},
  timestamp = {Fri, 31 May 2019 01:00:00 +0200},
  biburl    = {https://dblp.org/rec/bib/journals/dcg/BarbaCILOS19},
  bibsource = {dblp computer science bibliography, https://dblp.org}
}

@inproceedings{DBLP:conf/csr/DemaineIKL19,
  author    = {Erik D. Demaine and
               John Iacono and
               Grigorios Koumoutsos and
               Stefan Langerman},
  title     = {Belga B-Trees},
  booktitle = {Computer Science - Theory and Applications - 14th International Computer
               Science Symposium in Russia, {CSR} 2019, Novosibirsk, Russia, July
               1-5, 2019, Proceedings},
  pages     = {93--105},
  year      = {2019},
  crossref  = {DBLP:conf/csr/2019},
  url       = {https://doi.org/10.1007/978-3-030-19955-5\_9},
  doi       = {10.1007/978-3-030-19955-5\_9},
  timestamp = {Tue, 25 Jun 2019 14:30:35 +0200},
  biburl    = {https://dblp.org/rec/bib/conf/csr/DemaineIKL19},
  bibsource = {dblp computer science bibliography, https://dblp.org}
}

@article{DBLP:journals/corr/abs-1902-07928,
  author    = {John Iacono and
               Varunkumar Jayapaul and
               Ben Karsin},
  title     = {Locality},
  journal   = {CoRR},
  volume    = {abs/1902.07928},
  year      = {2019},
  url       = {http://arxiv.org/abs/1902.07928},
  archivePrefix = {arXiv},
  eprint    = {1902.07928},
  timestamp = {Tue, 21 May 2019 01:00:00 +0200},
  biburl    = {https://dblp.org/rec/bib/journals/corr/abs-1902-07928},
  bibsource = {dblp computer science bibliography, https://dblp.org}
}

@article{DBLP:journals/corr/abs-1903-02645,
  author    = {Sergio Cabello and
               Jean Cardinal and
               John Iacono and
               Stefan Langerman and
               Pat Morin and
               Aur{\'{e}}lien Ooms},
  title     = {Encoding 3SUM},
  journal   = {CoRR},
  volume    = {abs/1903.02645},
  year      = {2019},
  url       = {http://arxiv.org/abs/1903.02645},
  archivePrefix = {arXiv},
  eprint    = {1903.02645},
  timestamp = {Sun, 31 Mar 2019 00:00:00 +0100},
  biburl    = {https://dblp.org/rec/bib/journals/corr/abs-1903-02645},
  bibsource = {dblp computer science bibliography, https://dblp.org}
}

@article{DBLP:journals/corr/abs-1903-03147,
  author    = {John Iacono and
               Riko Jacob and
               Konstantinos Tsakalidis},
  title     = {External memory priority queues with decrease-key and applications
               to graph algorithms},
  journal   = {CoRR},
  volume    = {abs/1903.03147},
  year      = {2019},
  url       = {http://arxiv.org/abs/1903.03147},
  archivePrefix = {arXiv},
  eprint    = {1903.03147},
  timestamp = {Sun, 31 Mar 2019 00:00:00 +0100},
  biburl    = {https://dblp.org/rec/bib/journals/corr/abs-1903-03147},
  bibsource = {dblp computer science bibliography, https://dblp.org}
}

@article{DBLP:journals/corr/abs-1903-03560,
  author    = {Erik D. Demaine and
               John Iacono and
               Grigorios Koumoutsos and
               Stefan Langerman},
  title     = {Belga B-trees},
  journal   = {CoRR},
  volume    = {abs/1903.03560},
  year      = {2019},
  url       = {http://arxiv.org/abs/1903.03560},
  archivePrefix = {arXiv},
  eprint    = {1903.03560},
  timestamp = {Sun, 31 Mar 2019 00:00:00 +0100},
  biburl    = {https://dblp.org/rec/bib/journals/corr/abs-1903-03560},
  bibsource = {dblp computer science bibliography, https://dblp.org}
}

@article{DBLP:journals/corr/abs-1905-02620,
  author    = {John Iacono and
               Ben Karsin and
               Grigorios Koumoutsos},
  title     = {External Memory Planar Point Location with Fast Updates},
  journal   = {CoRR},
  volume    = {abs/1905.02620},
  year      = {2019},
  url       = {http://arxiv.org/abs/1905.02620},
  archivePrefix = {arXiv},
  eprint    = {1905.02620},
  timestamp = {Mon, 27 May 2019 01:00:00 +0200},
  biburl    = {https://dblp.org/rec/bib/journals/corr/abs-1905-02620},
  bibsource = {dblp computer science bibliography, https://dblp.org}
}

@article{DBLP:journals/algorithmica/AronovBDGILS18,
  author    = {Boris Aronov and
               Prosenjit Bose and
               Erik D. Demaine and
               Joachim Gudmundsson and
               John Iacono and
               Stefan Langerman and
               Michiel H. M. Smid},
  title     = {Data Structures for Halfplane Proximity Queries and Incremental Voronoi
               Diagrams},
  journal   = {Algorithmica},
  volume    = {80},
  number    = {11},
  pages     = {3316--3334},
  year      = {2018},
  url       = {https://doi.org/10.1007/s00453-017-0389-y},
  doi       = {10.1007/s00453-017-0389-y},
  timestamp = {Sat, 11 Aug 2018 01:00:00 +0200},
  biburl    = {https://dblp.org/rec/bib/journals/algorithmica/AronovBDGILS18},
  bibsource = {dblp computer science bibliography, https://dblp.org}
}

@article{DBLP:journals/tcs/HoffmannINR18,
  author    = {Michael Hoffmann and
               John Iacono and
               Patrick K. Nicholson and
               Rajeev Raman},
  title     = {Encoding nearest larger values},
  journal   = {Theor. Comput. Sci.},
  volume    = {710},
  pages     = {97--115},
  year      = {2018},
  url       = {https://doi.org/10.1016/j.tcs.2017.02.017},
  doi       = {10.1016/j.tcs.2017.02.017},
  timestamp = {Sun, 02 Jun 2019 01:00:00 +0200},
  biburl    = {https://dblp.org/rec/bib/journals/tcs/HoffmannINR18},
  bibsource = {dblp computer science bibliography, https://dblp.org}
}

@inproceedings{DBLP:conf/cccg/ArsenevaBBCCIJL18,
  author    = {Elena Arseneva and
               Yeganeh Bahoo and
               Ahmad Biniaz and
               Pilar Cano and
               Farah Chanchary and
               John Iacono and
               Kshitij Jain and
               Anna Lubiw and
               Debajyoti Mondal and
               Khadijeh Sheikhan and
               Csaba D. T{\'{o}}th},
  title     = {Compatible Paths on Labelled Point Sets},
  booktitle = {Proceedings of the 30th Canadian Conference on Computational Geometry,
               {CCCG} 2018, August 8-10, 2018, University of Manitoba, Winnipeg,
               Manitoba, Canada},
  pages     = {54--60},
  year      = {2018},
  crossref  = {DBLP:conf/cccg/2018},
  url       = {http://www.cs.umanitoba.ca/\%7Ecccg2018/papers/session2A-p2.pdf},
  timestamp = {Thu, 13 Dec 2018 12:45:03 +0100},
  biburl    = {https://dblp.org/rec/bib/conf/cccg/ArsenevaBBCCIJL18},
  bibsource = {dblp computer science bibliography, https://dblp.org}
}

@inproceedings{DBLP:conf/compgeom/CardinalCILO18,
  author    = {Jean Cardinal and
               Timothy M. Chan and
               John Iacono and
               Stefan Langerman and
               Aur{\'{e}}lien Ooms},
  title     = {Subquadratic Encodings for Point Configurations},
  booktitle = {34th International Symposium on Computational Geometry, SoCG 2018,
               June 11-14, 2018, Budapest, Hungary},
  pages     = {20:1--20:14},
  year      = {2018},
  crossref  = {DBLP:conf/compgeom/2018},
  url       = {https://doi.org/10.4230/LIPIcs.SoCG.2018.20},
  doi       = {10.4230/LIPIcs.SoCG.2018.20},
  timestamp = {Thu, 02 May 2019 17:40:15 +0200},
  biburl    = {https://dblp.org/rec/bib/conf/compgeom/CardinalCILO18},
  bibsource = {dblp computer science bibliography, https://dblp.org}
}

@inproceedings{DBLP:conf/esa/GolinILMN18,
  author    = {Mordecai J. Golin and
               John Iacono and
               Stefan Langerman and
               J. Ian Munro and
               Yakov Nekrich},
  title     = {Dynamic Trees with Almost-Optimal Access Cost},
  booktitle = {26th Annual European Symposium on Algorithms, {ESA} 2018, August 20-22,
               2018, Helsinki, Finland},
  pages     = {38:1--38:14},
  year      = {2018},
  crossref  = {DBLP:conf/esa/2018},
  url       = {https://doi.org/10.4230/LIPIcs.ESA.2018.38},
  doi       = {10.4230/LIPIcs.ESA.2018.38},
  timestamp = {Thu, 02 May 2019 17:40:11 +0200},
  biburl    = {https://dblp.org/rec/bib/conf/esa/GolinILMN18},
  bibsource = {dblp computer science bibliography, https://dblp.org}
}

@inproceedings{DBLP:conf/ics/KarsinWCIS18,
  author    = {Ben Karsin and
               Volker Weichert and
               Henri Casanova and
               John Iacono and
               Nodari Sitchinava},
  title     = {Analysis-driven Engineering of Comparison-based Sorting Algorithms
               on GPUs},
  booktitle = {Proceedings of the 32nd International Conference on Supercomputing,
               {ICS} 2018, Beijing, China, June 12-15, 2018},
  pages     = {86--95},
  year      = {2018},
  crossref  = {DBLP:conf/ics/2018},
  url       = {https://doi.org/10.1145/3205289.3205298},
  doi       = {10.1145/3205289.3205298},
  timestamp = {Wed, 21 Nov 2018 00:00:00 +0100},
  biburl    = {https://dblp.org/rec/bib/conf/ics/KarsinWCIS18},
  bibsource = {dblp computer science bibliography, https://dblp.org}
}

@article{DBLP:journals/corr/abs-1801-01767,
  author    = {Jean Cardinal and
               Timothy M. Chan and
               John Iacono and
               Stefan Langerman and
               Aur{\'{e}}lien Ooms},
  title     = {Subquadratic Encodings for Point Configurations},
  journal   = {CoRR},
  volume    = {abs/1801.01767},
  year      = {2018},
  url       = {http://arxiv.org/abs/1801.01767},
  archivePrefix = {arXiv},
  eprint    = {1801.01767},
  timestamp = {Mon, 13 Aug 2018 01:00:00 +0200},
  biburl    = {https://dblp.org/rec/bib/journals/corr/abs-1801-01767},
  bibsource = {dblp computer science bibliography, https://dblp.org}
}

@article{DBLP:journals/corr/abs-1806-10498,
  author    = {Mordecai J. Golin and
               John Iacono and
               Stefan Langerman and
               J. Ian Munro and
               Yakov Nekrich},
  title     = {Dynamic Trees with Almost-Optimal Access Cost},
  journal   = {CoRR},
  volume    = {abs/1806.10498},
  year      = {2018},
  url       = {http://arxiv.org/abs/1806.10498},
  archivePrefix = {arXiv},
  eprint    = {1806.10498},
  timestamp = {Mon, 13 Aug 2018 01:00:00 +0200},
  biburl    = {https://dblp.org/rec/bib/journals/corr/abs-1806-10498},
  bibsource = {dblp computer science bibliography, https://dblp.org}
}

@article{DBLP:journals/corr/abs-1808-04744,
  author    = {Mirela Damian and
               John Iacono and
               Andrew Winslow},
  title     = {Spanning Properties of Theta-Theta-6},
  journal   = {CoRR},
  volume    = {abs/1808.04744},
  year      = {2018},
  url       = {http://arxiv.org/abs/1808.04744},
  archivePrefix = {arXiv},
  eprint    = {1808.04744},
  timestamp = {Sun, 02 Sep 2018 01:00:00 +0200},
  biburl    = {https://dblp.org/rec/bib/journals/corr/abs-1808-04744},
  bibsource = {dblp computer science bibliography, https://dblp.org}
}

@article{DBLP:journals/corr/abs-1810-01785,
  author    = {John Iacono and
               Stefan Langerman},
  title     = {Weighted dynamic finger in binary search trees},
  journal   = {CoRR},
  volume    = {abs/1810.01785},
  year      = {2018},
  url       = {http://arxiv.org/abs/1810.01785},
  archivePrefix = {arXiv},
  eprint    = {1810.01785},
  timestamp = {Tue, 30 Oct 2018 00:00:00 +0100},
  biburl    = {https://dblp.org/rec/bib/journals/corr/abs-1810-01785},
  bibsource = {dblp computer science bibliography, https://dblp.org}
}

@article{DBLP:journals/dcg/AllenBIL17,
  author    = {Sarah R. Allen and
               Luis Barba and
               John Iacono and
               Stefan Langerman},
  title     = {Incremental Voronoi Diagrams},
  journal   = {Discrete {\&} Computational Geometry},
  volume    = {58},
  number    = {4},
  pages     = {822--848},
  year      = {2017},
  url       = {https://doi.org/10.1007/s00454-017-9943-2},
  doi       = {10.1007/s00454-017-9943-2},
  timestamp = {Fri, 30 Nov 2018 00:00:00 +0100},
  biburl    = {https://dblp.org/rec/bib/journals/dcg/AllenBIL17},
  bibsource = {dblp computer science bibliography, https://dblp.org}
}

@article{DBLP:journals/talg/GrossiINRR17,
  author    = {Roberto Grossi and
               John Iacono and
               Gonzalo Navarro and
               Rajeev Raman and
               S. Srinivasa Rao},
  title     = {Asymptotically Optimal Encodings of Range Data Structures for Selection
               and Top-\emph{k} Queries},
  journal   = {{ACM} Trans. Algorithms},
  volume    = {13},
  number    = {2},
  pages     = {28:1--28:31},
  year      = {2017},
  url       = {https://doi.org/10.1145/3012939},
  doi       = {10.1145/3012939},
  timestamp = {Tue, 06 Nov 2018 00:00:00 +0100},
  biburl    = {https://dblp.org/rec/bib/journals/talg/GrossiINRR17},
  bibsource = {dblp computer science bibliography, https://dblp.org}
}

@inproceedings{DBLP:conf/cccg/AronovIS17,
  author    = {Boris Aronov and
               John Iacono and
               Khadijeh Sheikhan},
  title     = {Nearest-Neighbor Search Under Uncertainty},
  booktitle = {Proceedings of the 29th Canadian Conference on Computational Geometry,
               {CCCG} 2017, July 26-28, 2017, Carleton University, Ottawa, Ontario,
               Canada},
  pages     = {89--94},
  year      = {2017},
  crossref  = {DBLP:conf/cccg/2017},
  timestamp = {Mon, 11 Dec 2017 18:58:02 +0100},
  biburl    = {https://dblp.org/rec/bib/conf/cccg/AronovIS17},
  bibsource = {dblp computer science bibliography, https://dblp.org}
}

@inproceedings{DBLP:conf/compgeom/BarbaCILOS17,
  author    = {Luis Barba and
               Jean Cardinal and
               John Iacono and
               Stefan Langerman and
               Aur{\'{e}}lien Ooms and
               Noam Solomon},
  title     = {Subquadratic Algorithms for Algebraic Generalizations of 3SUM},
  booktitle = {33rd International Symposium on Computational Geometry, SoCG 2017,
               July 4-7, 2017, Brisbane, Australia},
  pages     = {13:1--13:15},
  year      = {2017},
  crossref  = {DBLP:conf/compgeom/2017},
  url       = {https://doi.org/10.4230/LIPIcs.SoCG.2017.13},
  doi       = {10.4230/LIPIcs.SoCG.2017.13},
  timestamp = {Thu, 02 May 2019 17:40:15 +0200},
  biburl    = {https://dblp.org/rec/bib/conf/compgeom/BarbaCILOS17},
  bibsource = {dblp computer science bibliography, https://dblp.org}
}

@inproceedings{DBLP:conf/wads/IaconoKL17,
  author    = {John Iacono and
               Elena Khramtcova and
               Stefan Langerman},
  title     = {Searching Edges in the Overlap of Two Plane Graphs},
  booktitle = {Algorithms and Data Structures - 15th International Symposium, {WADS}
               2017, St. John's, NL, Canada, July 31 - August 2, 2017, Proceedings},
  pages     = {473--484},
  year      = {2017},
  crossref  = {DBLP:conf/wads/2017},
  url       = {https://doi.org/10.1007/978-3-319-62127-2\_40},
  doi       = {10.1007/978-3-319-62127-2\_40},
  timestamp = {Tue, 14 May 2019 10:00:50 +0200},
  biburl    = {https://dblp.org/rec/bib/conf/wads/IaconoKL17},
  bibsource = {dblp computer science bibliography, https://dblp.org}
}

@article{DBLP:journals/corr/IaconoKL17,
  author    = {John Iacono and
               Elena Khramtcova and
               Stefan Langerman},
  title     = {Searching edges in the overlap of two plane graphs},
  journal   = {CoRR},
  volume    = {abs/1701.02229},
  year      = {2017},
  url       = {http://arxiv.org/abs/1701.02229},
  archivePrefix = {arXiv},
  eprint    = {1701.02229},
  timestamp = {Mon, 13 Aug 2018 01:00:00 +0200},
  biburl    = {https://dblp.org/rec/bib/journals/corr/IaconoKL17},
  bibsource = {dblp computer science bibliography, https://dblp.org}
}

@article{DBLP:journals/corr/CasanovaIKSW17,
  author    = {Henri Casanova and
               John Iacono and
               Ben Karsin and
               Nodari Sitchinava and
               Volker Weichert},
  title     = {An Efficient Multiway Mergesort for {GPU} Architectures},
  journal   = {CoRR},
  volume    = {abs/1702.07961},
  year      = {2017},
  url       = {http://arxiv.org/abs/1702.07961},
  archivePrefix = {arXiv},
  eprint    = {1702.07961},
  timestamp = {Mon, 13 Aug 2018 01:00:00 +0200},
  biburl    = {https://dblp.org/rec/bib/journals/corr/CasanovaIKSW17},
  bibsource = {dblp computer science bibliography, https://dblp.org}
}

@article{DBLP:journals/algorithmica/BoseDIL16,
  author    = {Prosenjit Bose and
               Karim Dou{\"{\i}}eb and
               John Iacono and
               Stefan Langerman},
  title     = {The Power and Limitations of Static Binary Search Trees with Lazy
               Finger},
  journal   = {Algorithmica},
  volume    = {76},
  number    = {4},
  pages     = {1264--1275},
  year      = {2016},
  url       = {https://doi.org/10.1007/s00453-016-0224-x},
  doi       = {10.1007/s00453-016-0224-x},
  timestamp = {Fri, 30 Nov 2018 00:00:00 +0100},
  biburl    = {https://dblp.org/rec/bib/journals/algorithmica/BoseDIL16},
  bibsource = {dblp computer science bibliography, https://dblp.org}
}

@article{DBLP:journals/tcs/GolinIKRSS16,
  author    = {Mordecai J. Golin and
               John Iacono and
               Danny Krizanc and
               Rajeev Raman and
               Srinivasa Rao Satti and
               Sunil M. Shende},
  title     = {Encoding 2D range maximum queries},
  journal   = {Theor. Comput. Sci.},
  volume    = {609},
  pages     = {316--327},
  year      = {2016},
  url       = {https://doi.org/10.1016/j.tcs.2015.10.012},
  doi       = {10.1016/j.tcs.2015.10.012},
  timestamp = {Fri, 30 Nov 2018 00:00:00 +0100},
  biburl    = {https://dblp.org/rec/bib/journals/tcs/GolinIKRSS16},
  bibsource = {dblp computer science bibliography, https://dblp.org}
}

@inproceedings{DBLP:conf/cocoa/IaconoY16,
  author    = {John Iacono and
               Mark V. Yagnatinsky},
  title     = {A Linear Potential Function for Pairing Heaps},
  booktitle = {Combinatorial Optimization and Applications - 10th International Conference,
               {COCOA} 2016, Hong Kong, China, December 16-18, 2016, Proceedings},
  pages     = {489--504},
  year      = {2016},
  crossref  = {DBLP:conf/cocoa/2016},
  url       = {https://doi.org/10.1007/978-3-319-48749-6\_36},
  doi       = {10.1007/978-3-319-48749-6\_36},
  timestamp = {Tue, 14 May 2019 10:00:53 +0200},
  biburl    = {https://dblp.org/rec/bib/conf/cocoa/IaconoY16},
  bibsource = {dblp computer science bibliography, https://dblp.org}
}

@inproceedings{DBLP:conf/compgeom/AllenBIL16,
  author    = {Sarah R. Allen and
               Luis Barba and
               John Iacono and
               Stefan Langerman},
  title     = {Incremental Voronoi diagrams},
  booktitle = {32nd International Symposium on Computational Geometry, SoCG 2016,
               June 14-18, 2016, Boston, MA, {USA}},
  pages     = {15:1--15:16},
  year      = {2016},
  crossref  = {DBLP:conf/compgeom/2016},
  url       = {https://doi.org/10.4230/LIPIcs.SoCG.2016.15},
  doi       = {10.4230/LIPIcs.SoCG.2016.15},
  timestamp = {Thu, 02 May 2019 17:40:15 +0200},
  biburl    = {https://dblp.org/rec/bib/conf/compgeom/AllenBIL16},
  bibsource = {dblp computer science bibliography, https://dblp.org}
}

@inproceedings{DBLP:conf/esa/CardinalIO16,
  author    = {Jean Cardinal and
               John Iacono and
               Aur{\'{e}}lien Ooms},
  title     = {Solving k-SUM Using Few Linear Queries},
  booktitle = {24th Annual European Symposium on Algorithms, {ESA} 2016, August 22-24,
               2016, Aarhus, Denmark},
  pages     = {25:1--25:17},
  year      = {2016},
  crossref  = {DBLP:conf/esa/2016},
  url       = {https://doi.org/10.4230/LIPIcs.ESA.2016.25},
  doi       = {10.4230/LIPIcs.ESA.2016.25},
  timestamp = {Thu, 02 May 2019 17:40:11 +0200},
  biburl    = {https://dblp.org/rec/bib/conf/esa/CardinalIO16},
  bibsource = {dblp computer science bibliography, https://dblp.org}
}

@inproceedings{DBLP:conf/soda/IaconoL16,
  author    = {John Iacono and
               Stefan Langerman},
  title     = {Weighted dynamic finger in binary search trees},
  booktitle = {Proceedings of the Twenty-Seventh Annual {ACM-SIAM} Symposium on Discrete
               Algorithms, {SODA} 2016, Arlington, VA, USA, January 10-12, 2016},
  pages     = {672--691},
  year      = {2016},
  crossref  = {DBLP:conf/soda/2016},
  url       = {https://doi.org/10.1137/1.9781611974331.ch49},
  doi       = {10.1137/1.9781611974331.ch49},
  timestamp = {Fri, 30 Nov 2018 00:00:00 +0100},
  biburl    = {https://dblp.org/rec/bib/conf/soda/IaconoL16},
  bibsource = {dblp computer science bibliography, https://dblp.org}
}

@article{DBLP:journals/corr/AllenBIL16,
  author    = {Sarah R. Allen and
               Luis Barba and
               John Iacono and
               Stefan Langerman},
  title     = {Incremental Voronoi Diagrams},
  journal   = {CoRR},
  volume    = {abs/1603.08485},
  year      = {2016},
  url       = {http://arxiv.org/abs/1603.08485},
  archivePrefix = {arXiv},
  eprint    = {1603.08485},
  timestamp = {Mon, 13 Aug 2018 01:00:00 +0200},
  biburl    = {https://dblp.org/rec/bib/journals/corr/AllenBIL16},
  bibsource = {dblp computer science bibliography, https://dblp.org}
}

@article{DBLP:journals/corr/IaconoY16,
  author    = {John Iacono and
               Mark V. Yagnatinsky},
  title     = {A Linear Potential Function for Pairing Heaps},
  journal   = {CoRR},
  volume    = {abs/1606.06389},
  year      = {2016},
  url       = {http://arxiv.org/abs/1606.06389},
  archivePrefix = {arXiv},
  eprint    = {1606.06389},
  timestamp = {Mon, 13 Aug 2018 01:00:00 +0200},
  biburl    = {https://dblp.org/rec/bib/journals/corr/IaconoY16},
  bibsource = {dblp computer science bibliography, https://dblp.org}
}

@article{DBLP:journals/corr/BarbaCILOS16,
  author    = {Luis Barba and
               Jean Cardinal and
               John Iacono and
               Stefan Langerman and
               Aur{\'{e}}lien Ooms and
               Noam Solomon},
  title     = {Subquadratic Algorithms for Algebraic Generalizations of 3SUM},
  journal   = {CoRR},
  volume    = {abs/1612.02384},
  year      = {2016},
  url       = {http://arxiv.org/abs/1612.02384},
  archivePrefix = {arXiv},
  eprint    = {1612.02384},
  timestamp = {Mon, 13 Aug 2018 01:00:00 +0200},
  biburl    = {https://dblp.org/rec/bib/journals/corr/BarbaCILOS16},
  bibsource = {dblp computer science bibliography, https://dblp.org}
}

@article{DBLP:journals/algorithmica/DemaineIL15,
  author    = {Erik D. Demaine and
               John Iacono and
               Stefan Langerman},
  title     = {Worst-Case Optimal Tree Layout in External Memory},
  journal   = {Algorithmica},
  volume    = {72},
  number    = {2},
  pages     = {369--378},
  year      = {2015},
  url       = {https://doi.org/10.1007/s00453-013-9856-2},
  doi       = {10.1007/s00453-013-9856-2},
  timestamp = {Fri, 30 Nov 2018 00:00:00 +0100},
  biburl    = {https://dblp.org/rec/bib/journals/algorithmica/DemaineIL15},
  bibsource = {dblp computer science bibliography, https://dblp.org}
}

@inproceedings{DBLP:conf/cpm/DavoodiILL15,
  author    = {Pooya Davoodi and
               John Iacono and
               Gad M. Landau and
               Moshe Lewenstein},
  title     = {Range Minimum Query Indexes in Higher Dimensions},
  booktitle = {Combinatorial Pattern Matching - 26th Annual Symposium, {CPM} 2015,
               Ischia Island, Italy, June 29 - July 1, 2015, Proceedings},
  pages     = {149--159},
  year      = {2015},
  crossref  = {DBLP:conf/cpm/2015},
  url       = {https://doi.org/10.1007/978-3-319-19929-0\_13},
  doi       = {10.1007/978-3-319-19929-0\_13},
  timestamp = {Tue, 14 May 2019 10:00:38 +0200},
  biburl    = {https://dblp.org/rec/bib/conf/cpm/DavoodiILL15},
  bibsource = {dblp computer science bibliography, https://dblp.org}
}

@article{DBLP:journals/algorithmica/BremnerCDEHILPT14,
  author    = {David Bremner and
               Timothy M. Chan and
               Erik D. Demaine and
               Jeff Erickson and
               Ferran Hurtado and
               John Iacono and
               Stefan Langerman and
               Mihai Patrascu and
               Perouz Taslakian},
  title     = {Necklaces, Convolutions, and {X+Y}},
  journal   = {Algorithmica},
  volume    = {69},
  number    = {2},
  pages     = {294--314},
  year      = {2014},
  url       = {https://doi.org/10.1007/s00453-012-9734-3},
  doi       = {10.1007/s00453-012-9734-3},
  timestamp = {Fri, 30 Nov 2018 00:00:00 +0100},
  biburl    = {https://dblp.org/rec/bib/journals/algorithmica/BremnerCDEHILPT14},
  bibsource = {dblp computer science bibliography, https://dblp.org}
}

@article{DBLP:journals/comgeo/DehneI14,
  author    = {Frank Dehne and
               John Iacono},
  title     = {Foreword},
  journal   = {Comput. Geom.},
  volume    = {47},
  number    = {2},
  pages     = {199},
  year      = {2014},
  url       = {https://doi.org/10.1016/j.comgeo.2013.05.006},
  doi       = {10.1016/j.comgeo.2013.05.006},
  timestamp = {Fri, 30 Nov 2018 00:00:00 +0100},
  biburl    = {https://dblp.org/rec/bib/journals/comgeo/DehneI14},
  bibsource = {dblp computer science bibliography, https://dblp.org}
}

@inproceedings{DBLP:conf/esa/DavoodiFIO14,
  author    = {Pooya Davoodi and
               Jeremy T. Fineman and
               John Iacono and
               {\"{O}}zg{\"{u}}r {\"{O}}zkan},
  title     = {Cache-Oblivious Persistence},
  booktitle = {Algorithms - {ESA} 2014 - 22th Annual European Symposium, Wroclaw,
               Poland, September 8-10, 2014. Proceedings},
  pages     = {296--308},
  year      = {2014},
  crossref  = {DBLP:conf/esa/2014},
  url       = {https://doi.org/10.1007/978-3-662-44777-2\_25},
  doi       = {10.1007/978-3-662-44777-2\_25},
  timestamp = {Tue, 14 May 2019 10:00:54 +0200},
  biburl    = {https://dblp.org/rec/bib/conf/esa/DavoodiFIO14},
  bibsource = {dblp computer science bibliography, https://dblp.org}
}

@inproceedings{DBLP:conf/icalp/IaconoO14,
  author    = {John Iacono and
               {\"{O}}zg{\"{u}}r {\"{O}}zkan},
  title     = {Why Some Heaps Support Constant-Amortized-Time Decrease-Key Operations,
               and Others Do Not},
  booktitle = {Automata, Languages, and Programming - 41st International Colloquium,
               {ICALP} 2014, Copenhagen, Denmark, July 8-11, 2014, Proceedings, Part
               {I}},
  pages     = {637--649},
  year      = {2014},
  crossref  = {DBLP:conf/icalp/2014-1},
  url       = {https://doi.org/10.1007/978-3-662-43948-7\_53},
  doi       = {10.1007/978-3-662-43948-7\_53},
  timestamp = {Tue, 14 May 2019 10:00:44 +0200},
  biburl    = {https://dblp.org/rec/bib/conf/icalp/IaconoO14},
  bibsource = {dblp computer science bibliography, https://dblp.org}
}

@inproceedings{DBLP:conf/isaac/BoseDIL14,
  author    = {Prosenjit Bose and
               Karim Dou{\"{\i}}eb and
               John Iacono and
               Stefan Langerman},
  title     = {The Power and Limitations of Static Binary Search Trees with Lazy
               Finger},
  booktitle = {Algorithms and Computation - 25th International Symposium, {ISAAC}
               2014, Jeonju, Korea, December 15-17, 2014, Proceedings},
  pages     = {181--192},
  year      = {2014},
  crossref  = {DBLP:conf/isaac/2014},
  url       = {https://doi.org/10.1007/978-3-319-13075-0\_15},
  doi       = {10.1007/978-3-319-13075-0\_15},
  timestamp = {Tue, 14 May 2019 10:00:50 +0200},
  biburl    = {https://dblp.org/rec/bib/conf/isaac/BoseDIL14},
  bibsource = {dblp computer science bibliography, https://dblp.org}
}

@inproceedings{DBLP:conf/soda/AloupisILOW14,
  author    = {Greg Aloupis and
               John Iacono and
               Stefan Langerman and
               {\"{O}}zg{\"{u}}r {\"{O}}zkan and
               Stefanie Wuhrer},
  title     = {The Complexity of Order Type Isomorphism},
  booktitle = {Proceedings of the Twenty-Fifth Annual {ACM-SIAM} Symposium on Discrete
               Algorithms, {SODA} 2014, Portland, Oregon, USA, January 5-7, 2014},
  pages     = {405--415},
  year      = {2014},
  crossref  = {DBLP:conf/soda/2014},
  url       = {https://doi.org/10.1137/1.9781611973402.30},
  doi       = {10.1137/1.9781611973402.30},
  timestamp = {Fri, 02 Nov 2018 00:00:00 +0100},
  biburl    = {https://dblp.org/rec/bib/conf/soda/AloupisILOW14},
  bibsource = {dblp computer science bibliography, https://dblp.org}
}

@article{DBLP:journals/corr/DavoodiFIO14,
  author    = {Pooya Davoodi and
               Jeremy T. Fineman and
               John Iacono and
               {\"{O}}zg{\"{u}}r {\"{O}}zkan},
  title     = {Cache-Oblivious Persistence},
  journal   = {CoRR},
  volume    = {abs/1402.5492},
  year      = {2014},
  url       = {http://arxiv.org/abs/1402.5492},
  archivePrefix = {arXiv},
  eprint    = {1402.5492},
  timestamp = {Mon, 13 Aug 2018 01:00:00 +0200},
  biburl    = {https://dblp.org/rec/bib/journals/corr/DavoodiFIO14},
  bibsource = {dblp computer science bibliography, https://dblp.org}
}

@article{DBLP:journals/corr/IaconoO14,
  author    = {John Iacono and
               {\"{O}}zg{\"{u}}r {\"{O}}zkan},
  title     = {A Tight Lower Bound for Decrease-Key in the Pure Heap Model},
  journal   = {CoRR},
  volume    = {abs/1407.6665},
  year      = {2014},
  url       = {http://arxiv.org/abs/1407.6665},
  archivePrefix = {arXiv},
  eprint    = {1407.6665},
  timestamp = {Mon, 13 Aug 2018 01:00:00 +0200},
  biburl    = {https://dblp.org/rec/bib/journals/corr/IaconoO14},
  bibsource = {dblp computer science bibliography, https://dblp.org}
}

@article{DBLP:journals/acta/ElmasryFI13,
  author    = {Amr Elmasry and
               Arash Farzan and
               John Iacono},
  title     = {On the hierarchy of distribution-sensitive properties for data structures},
  journal   = {Acta Inf.},
  volume    = {50},
  number    = {4},
  pages     = {289--295},
  year      = {2013},
  url       = {https://doi.org/10.1007/s00236-013-0180-8},
  doi       = {10.1007/s00236-013-0180-8},
  timestamp = {Fri, 30 Nov 2018 00:00:00 +0100},
  biburl    = {https://dblp.org/rec/bib/journals/acta/ElmasryFI13},
  bibsource = {dblp computer science bibliography, https://dblp.org}
}

@article{DBLP:journals/comgeo/ChenDILM13,
  author    = {Dan Chen and
               Olivier Devillers and
               John Iacono and
               Stefan Langerman and
               Pat Morin},
  title     = {Oja centers and centers of gravity},
  journal   = {Comput. Geom.},
  volume    = {46},
  number    = {2},
  pages     = {140--147},
  year      = {2013},
  url       = {https://doi.org/10.1016/j.comgeo.2012.04.004},
  doi       = {10.1016/j.comgeo.2012.04.004},
  timestamp = {Fri, 30 Nov 2018 00:00:00 +0100},
  biburl    = {https://dblp.org/rec/bib/journals/comgeo/ChenDILM13},
  bibsource = {dblp computer science bibliography, https://dblp.org}
}

@article{DBLP:journals/comgeo/AloupisBDDFIW13,
  author    = {Greg Aloupis and
               Nadia Benbernou and
               Mirela Damian and
               Erik D. Demaine and
               Robin Y. Flatland and
               John Iacono and
               Stefanie Wuhrer},
  title     = {Efficient reconfiguration of lattice-based modular robots},
  journal   = {Comput. Geom.},
  volume    = {46},
  number    = {8},
  pages     = {917--928},
  year      = {2013},
  url       = {https://doi.org/10.1016/j.comgeo.2013.03.004},
  doi       = {10.1016/j.comgeo.2013.03.004},
  timestamp = {Fri, 30 Nov 2018 00:00:00 +0100},
  biburl    = {https://dblp.org/rec/bib/journals/comgeo/AloupisBDDFIW13},
  bibsource = {dblp computer science bibliography, https://dblp.org}
}

@article{DBLP:journals/jco/BallingerBBDDDFHILMASU13,
  author    = {Brad Ballinger and
               Nadia Benbernou and
               Prosenjit Bose and
               Mirela Damian and
               Erik D. Demaine and
               Vida Dujmovic and
               Robin Y. Flatland and
               Ferran Hurtado and
               John Iacono and
               Anna Lubiw and
               Pat Morin and
               Vera Sacrist{\'{a}}n Adinolfi and
               Diane L. Souvaine and
               Ryuhei Uehara},
  title     = {Coverage with k-transmitters in the presence of obstacles},
  journal   = {J. Comb. Optim.},
  volume    = {25},
  number    = {2},
  pages     = {208--233},
  year      = {2013},
  url       = {https://doi.org/10.1007/s10878-012-9475-x},
  doi       = {10.1007/s10878-012-9475-x},
  timestamp = {Fri, 30 Nov 2018 00:00:00 +0100},
  biburl    = {https://dblp.org/rec/bib/journals/jco/BallingerBBDDDFHILMASU13},
  bibsource = {dblp computer science bibliography, https://dblp.org}
}

@inproceedings{DBLP:conf/birthday/Iacono13,
  author    = {John Iacono},
  title     = {In Pursuit of the Dynamic Optimality Conjecture},
  booktitle = {Space-Efficient Data Structures, Streams, and Algorithms - Papers
               in Honor of J. Ian Munro on the Occasion of His 66th Birthday},
  pages     = {236--250},
  year      = {2013},
  crossref  = {DBLP:conf/birthday/2013munro},
  url       = {https://doi.org/10.1007/978-3-642-40273-9\_16},
  doi       = {10.1007/978-3-642-40273-9\_16},
  timestamp = {Tue, 14 May 2019 10:00:52 +0200},
  biburl    = {https://dblp.org/rec/bib/conf/birthday/Iacono13},
  bibsource = {dblp computer science bibliography, https://dblp.org}
}

@inproceedings{DBLP:conf/cccg/AronovIOY13,
  author    = {Boris Aronov and
               John Iacono and
               {\"{O}}zg{\"{u}}r {\"{O}}zkan and
               Mark V. Yagnatinsky},
  title     = {How to Cover Most of a Point Set with a V-Shape of Minimum Width},
  booktitle = {Proceedings of the 25th Canadian Conference on Computational Geometry,
               {CCCG} 2013, Waterloo, Ontario, Canada, August 8-10, 2013},
  year      = {2013},
  crossref  = {DBLP:conf/cccg/2013},
  url       = {http://cccg.ca/proceedings/2013/papers/paper\_58.pdf},
  timestamp = {Thu, 14 Nov 2013 17:30:48 +0100},
  biburl    = {https://dblp.org/rec/bib/conf/cccg/AronovIOY13},
  bibsource = {dblp computer science bibliography, https://dblp.org}
}

@inproceedings{DBLP:conf/esa/GrossiINRR13,
  author    = {Roberto Grossi and
               John Iacono and
               Gonzalo Navarro and
               Rajeev Raman and
               Srinivasa Rao Satti},
  title     = {Encodings for Range Selection and Top-k Queries},
  booktitle = {Algorithms - {ESA} 2013 - 21st Annual European Symposium, Sophia Antipolis,
               France, September 2-4, 2013. Proceedings},
  pages     = {553--564},
  year      = {2013},
  crossref  = {DBLP:conf/esa/2013},
  url       = {https://doi.org/10.1007/978-3-642-40450-4\_47},
  doi       = {10.1007/978-3-642-40450-4\_47},
  timestamp = {Tue, 14 May 2019 10:00:54 +0200},
  biburl    = {https://dblp.org/rec/bib/conf/esa/GrossiINRR13},
  bibsource = {dblp computer science bibliography, https://dblp.org}
}

@inproceedings{DBLP:conf/icalp/DemaineILO13,
  author    = {Erik D. Demaine and
               John Iacono and
               Stefan Langerman and
               {\"{O}}zg{\"{u}}r {\"{O}}zkan},
  title     = {Combining Binary Search Trees},
  booktitle = {Automata, Languages, and Programming - 40th International Colloquium,
               {ICALP} 2013, Riga, Latvia, July 8-12, 2013, Proceedings, Part {I}},
  pages     = {388--399},
  year      = {2013},
  crossref  = {DBLP:conf/icalp/2013-1},
  url       = {https://doi.org/10.1007/978-3-642-39206-1\_33},
  doi       = {10.1007/978-3-642-39206-1\_33},
  timestamp = {Tue, 14 May 2019 10:00:44 +0200},
  biburl    = {https://dblp.org/rec/bib/conf/icalp/DemaineILO13},
  bibsource = {dblp computer science bibliography, https://dblp.org}
}

@article{DBLP:journals/corr/abs-1302-6641,
  author    = {John Iacono},
  title     = {Why some heaps support constant-amortized-time decrease-key operations,
               and others do not},
  journal   = {CoRR},
  volume    = {abs/1302.6641},
  year      = {2013},
  url       = {http://arxiv.org/abs/1302.6641},
  archivePrefix = {arXiv},
  eprint    = {1302.6641},
  timestamp = {Mon, 13 Aug 2018 01:00:00 +0200},
  biburl    = {https://dblp.org/rec/bib/journals/corr/abs-1302-6641},
  bibsource = {dblp computer science bibliography, https://dblp.org}
}

@article{DBLP:journals/corr/abs-1302-6914,
  author    = {John Howat and
               John Iacono and
               Pat Morin},
  title     = {The Fresh-Finger Property},
  journal   = {CoRR},
  volume    = {abs/1302.6914},
  year      = {2013},
  url       = {http://arxiv.org/abs/1302.6914},
  archivePrefix = {arXiv},
  eprint    = {1302.6914},
  timestamp = {Mon, 13 Aug 2018 01:00:00 +0200},
  biburl    = {https://dblp.org/rec/bib/journals/corr/abs-1302-6914},
  bibsource = {dblp computer science bibliography, https://dblp.org}
}

@article{DBLP:journals/corr/abs-1304-6897,
  author    = {Prosenjit Bose and
               Karim Dou{\"{\i}}eb and
               John Iacono and
               Stefan Langerman},
  title     = {The Power and Limitations of Static Binary Search Trees with Lazy
               Finger},
  journal   = {CoRR},
  volume    = {abs/1304.6897},
  year      = {2013},
  url       = {http://arxiv.org/abs/1304.6897},
  archivePrefix = {arXiv},
  eprint    = {1304.6897},
  timestamp = {Mon, 13 Aug 2018 01:00:00 +0200},
  biburl    = {https://dblp.org/rec/bib/journals/corr/abs-1304-6897},
  bibsource = {dblp computer science bibliography, https://dblp.org}
}

@article{DBLP:journals/corr/abs-1304-7604,
  author    = {Erik D. Demaine and
               John Iacono and
               Stefan Langerman and
               {\"{O}}zg{\"{u}}r {\"{O}}zkan},
  title     = {Combining Binary Search Trees},
  journal   = {CoRR},
  volume    = {abs/1304.7604},
  year      = {2013},
  url       = {http://arxiv.org/abs/1304.7604},
  archivePrefix = {arXiv},
  eprint    = {1304.7604},
  timestamp = {Mon, 13 Aug 2018 01:00:00 +0200},
  biburl    = {https://dblp.org/rec/bib/journals/corr/abs-1304-7604},
  bibsource = {dblp computer science bibliography, https://dblp.org}
}

@article{DBLP:journals/corr/Iacono13,
  author    = {John Iacono},
  title     = {In pursuit of the dynamic optimality conjecture},
  journal   = {CoRR},
  volume    = {abs/1306.0207},
  year      = {2013},
  url       = {http://arxiv.org/abs/1306.0207},
  archivePrefix = {arXiv},
  eprint    = {1306.0207},
  timestamp = {Mon, 13 Aug 2018 01:00:00 +0200},
  biburl    = {https://dblp.org/rec/bib/journals/corr/Iacono13},
  bibsource = {dblp computer science bibliography, https://dblp.org}
}

@article{DBLP:journals/corr/AloupisILO13,
  author    = {Greg Aloupis and
               John Iacono and
               Stefan Langerman and
               {\"{O}}zg{\"{u}}r {\"{O}}zkan},
  title     = {The Complexity of Order Type Isomorphism},
  journal   = {CoRR},
  volume    = {abs/1311.0928},
  year      = {2013},
  url       = {http://arxiv.org/abs/1311.0928},
  archivePrefix = {arXiv},
  eprint    = {1311.0928},
  timestamp = {Mon, 13 Aug 2018 01:00:00 +0200},
  biburl    = {https://dblp.org/rec/bib/journals/corr/AloupisILO13},
  bibsource = {dblp computer science bibliography, https://dblp.org}
}

@article{DBLP:journals/ijcga/IaconoM12,
  author    = {John Iacono and
               Wolfgang Mulzer},
  title     = {A Static Optimality Transformation with Applications to Planar Point
               Location},
  journal   = {Int. J. Comput. Geometry Appl.},
  volume    = {22},
  number    = {4},
  pages     = {327--340},
  year      = {2012},
  url       = {https://doi.org/10.1142/S0218195912600084},
  doi       = {10.1142/S0218195912600084},
  timestamp = {Fri, 02 Nov 2018 00:00:00 +0100},
  biburl    = {https://dblp.org/rec/bib/journals/ijcga/IaconoM12},
  bibsource = {dblp computer science bibliography, https://dblp.org}
}

@article{DBLP:journals/ijcga/BoseDHILMASW12,
  author    = {Prosenjit Bose and
               Vida Dujmovic and
               Ferran Hurtado and
               John Iacono and
               Stefan Langerman and
               Henk Meijer and
               Vera Sacrist{\'{a}}n Adinolfi and
               Maria Saumell and
               David R. Wood},
  title     = {{PROXIMITY} {GRAPHS:} E, {\(\delta\)}, {\(\Delta\)}, {\(\chi\)} {AND}
               {\(\omega\)}},
  journal   = {Int. J. Comput. Geometry Appl.},
  volume    = {22},
  number    = {5},
  pages     = {439--470},
  year      = {2012},
  url       = {https://doi.org/10.1142/S0218195912500112},
  doi       = {10.1142/S0218195912500112},
  timestamp = {Fri, 02 Nov 2018 00:00:00 +0100},
  biburl    = {https://dblp.org/rec/bib/journals/ijcga/BoseDHILMASW12},
  bibsource = {dblp computer science bibliography, https://dblp.org}
}

@article{DBLP:journals/jda/ElmasryFI12,
  author    = {Amr Elmasry and
               Arash Farzan and
               John Iacono},
  title     = {A priority queue with the time-finger property},
  journal   = {J. Discrete Algorithms},
  volume    = {16},
  pages     = {206--212},
  year      = {2012},
  url       = {https://doi.org/10.1016/j.jda.2012.04.014},
  doi       = {10.1016/j.jda.2012.04.014},
  timestamp = {Sun, 28 May 2017 01:00:00 +0200},
  biburl    = {https://dblp.org/rec/bib/journals/jda/ElmasryFI12},
  bibsource = {dblp computer science bibliography, https://dblp.org}
}

@article{DBLP:journals/talg/ColletteDILM12,
  author    = {S{\'{e}}bastien Collette and
               Vida Dujmovic and
               John Iacono and
               Stefan Langerman and
               Pat Morin},
  title     = {Entropy, triangulation, and point location in planar subdivisions},
  journal   = {{ACM} Trans. Algorithms},
  volume    = {8},
  number    = {3},
  pages     = {29:1--29:18},
  year      = {2012},
  url       = {https://doi.org/10.1145/2229163.2229173},
  doi       = {10.1145/2229163.2229173},
  timestamp = {Tue, 06 Nov 2018 00:00:00 +0100},
  biburl    = {https://dblp.org/rec/bib/journals/talg/ColletteDILM12},
  bibsource = {dblp computer science bibliography, https://dblp.org}
}

@inproceedings{DBLP:conf/soda/IaconoP12,
  author    = {John Iacono and
               Mihai Patrascu},
  title     = {Using hashing to solve the dictionary problem},
  booktitle = {Proceedings of the Twenty-Third Annual {ACM-SIAM} Symposium on Discrete
               Algorithms, {SODA} 2012, Kyoto, Japan, January 17-19, 2012},
  pages     = {570--582},
  year      = {2012},
  crossref  = {DBLP:conf/soda/2012},
  url       = {https://doi.org/10.1137/1.9781611973099.48},
  doi       = {10.1137/1.9781611973099.48},
  timestamp = {Wed, 29 May 2019 08:53:20 +0200},
  biburl    = {https://dblp.org/rec/bib/conf/soda/IaconoP12},
  bibsource = {dblp computer science bibliography, https://dblp.org}
}

@inproceedings{DBLP:conf/soda/ColletteIL12,
  author    = {S{\'{e}}bastien Collette and
               John Iacono and
               Stefan Langerman},
  title     = {Confluent persistence revisited},
  booktitle = {Proceedings of the Twenty-Third Annual {ACM-SIAM} Symposium on Discrete
               Algorithms, {SODA} 2012, Kyoto, Japan, January 17-19, 2012},
  pages     = {593--601},
  year      = {2012},
  crossref  = {DBLP:conf/soda/2012},
  url       = {https://doi.org/10.1137/1.9781611973099.50},
  doi       = {10.1137/1.9781611973099.50},
  timestamp = {Wed, 29 May 2019 08:53:20 +0200},
  biburl    = {https://dblp.org/rec/bib/conf/soda/ColletteIL12},
  bibsource = {dblp computer science bibliography, https://dblp.org}
}

@article{DBLP:journals/corr/abs-1209-5307,
  author    = {Sarah R. Allen and
               John Iacono},
  title     = {Packing identical simple polygons is NP-hard},
  journal   = {CoRR},
  volume    = {abs/1209.5307},
  year      = {2012},
  url       = {http://arxiv.org/abs/1209.5307},
  archivePrefix = {arXiv},
  eprint    = {1209.5307},
  timestamp = {Mon, 13 Aug 2018 01:00:00 +0200},
  biburl    = {https://dblp.org/rec/bib/journals/corr/abs-1209-5307},
  bibsource = {dblp computer science bibliography, https://dblp.org}
}

@article{DBLP:journals/corr/abs-1212-4771,
  author    = {David Bremner and
               Timothy M. Chan and
               Erik D. Demaine and
               Jeff Erickson and
               Ferran Hurtado and
               John Iacono and
               Stefan Langerman and
               Mihai Patrascu and
               Perouz Taslakian},
  title     = {Necklaces, Convolutions, and {X+Y}},
  journal   = {CoRR},
  volume    = {abs/1212.4771},
  year      = {2012},
  url       = {http://arxiv.org/abs/1212.4771},
  archivePrefix = {arXiv},
  eprint    = {1212.4771},
  timestamp = {Mon, 13 Aug 2018 01:00:00 +0200},
  biburl    = {https://dblp.org/rec/bib/journals/corr/abs-1212-4771},
  bibsource = {dblp computer science bibliography, https://dblp.org}
}

@article{DBLP:journals/algorithmica/BenderBFGHHIL11,
  author    = {Michael A. Bender and
               Gerth St{\o}lting Brodal and
               Rolf Fagerberg and
               Dongdong Ge and
               Simai He and
               Haodong Hu and
               John Iacono and
               Alejandro L{\'{o}}pez{-}Ortiz},
  title     = {The Cost of Cache-Oblivious Searching},
  journal   = {Algorithmica},
  volume    = {61},
  number    = {2},
  pages     = {463--505},
  year      = {2011},
  url       = {https://doi.org/10.1007/s00453-010-9394-0},
  doi       = {10.1007/s00453-010-9394-0},
  timestamp = {Wed, 17 May 2017 01:00:00 +0200},
  biburl    = {https://dblp.org/rec/bib/journals/algorithmica/BenderBFGHHIL11},
  bibsource = {dblp computer science bibliography, https://dblp.org}
}

@article{DBLP:journals/gc/DemaineDHILO11,
  author    = {Erik D. Demaine and
               Martin L. Demaine and
               Vi Hart and
               John Iacono and
               Stefan Langerman and
               Joseph O'Rourke},
  title     = {Continuous Blooming of Convex Polyhedra},
  journal   = {Graphs and Combinatorics},
  volume    = {27},
  number    = {3},
  pages     = {363--376},
  year      = {2011},
  url       = {https://doi.org/10.1007/s00373-011-1024-3},
  doi       = {10.1007/s00373-011-1024-3},
  timestamp = {Fri, 30 Nov 2018 00:00:00 +0100},
  biburl    = {https://dblp.org/rec/bib/journals/gc/DemaineDHILO11},
  bibsource = {dblp computer science bibliography, https://dblp.org}
}

@inproceedings{DBLP:conf/compgeom/Iacono11,
  author    = {John Iacono},
  title     = {A static optimality transformation with applications to planar point
               location},
  booktitle = {Proceedings of the 27th {ACM} Symposium on Computational Geometry,
               Paris, France, June 13-15, 2011},
  pages     = {21--26},
  year      = {2011},
  crossref  = {DBLP:conf/compgeom/2011},
  url       = {https://doi.org/10.1145/1998196.1998200},
  doi       = {10.1145/1998196.1998200},
  timestamp = {Tue, 06 Nov 2018 16:57:04 +0100},
  biburl    = {https://dblp.org/rec/bib/conf/compgeom/Iacono11},
  bibsource = {dblp computer science bibliography, https://dblp.org}
}

@inproceedings{DBLP:conf/isaac/GolinIKRR11,
  author    = {Mordecai J. Golin and
               John Iacono and
               Danny Krizanc and
               Rajeev Raman and
               S. Srinivasa Rao},
  title     = {Encoding 2D Range Maximum Queries},
  booktitle = {Algorithms and Computation - 22nd International Symposium, {ISAAC}
               2011, Yokohama, Japan, December 5-8, 2011. Proceedings},
  pages     = {180--189},
  year      = {2011},
  crossref  = {DBLP:conf/isaac/2011},
  url       = {https://doi.org/10.1007/978-3-642-25591-5\_20},
  doi       = {10.1007/978-3-642-25591-5\_20},
  timestamp = {Tue, 14 May 2019 10:00:50 +0200},
  biburl    = {https://dblp.org/rec/bib/conf/isaac/GolinIKRR11},
  bibsource = {dblp computer science bibliography, https://dblp.org}
}

@inproceedings{DBLP:conf/iwoca/ElmasryFI11,
  author    = {Amr Elmasry and
               Arash Farzan and
               John Iacono},
  title     = {A Unifying Property for Distribution-Sensitive Priority Queues},
  booktitle = {Combinatorial Algorithms - 22nd International Workshop, {IWOCA} 2011,
               Victoria, BC, Canada, July 20-22, 2011, Revised Selected Papers},
  pages     = {209--222},
  year      = {2011},
  crossref  = {DBLP:conf/iwoca/2011},
  url       = {https://doi.org/10.1007/978-3-642-25011-8\_17},
  doi       = {10.1007/978-3-642-25011-8\_17},
  timestamp = {Tue, 14 May 2019 10:00:53 +0200},
  biburl    = {https://dblp.org/rec/bib/conf/iwoca/ElmasryFI11},
  bibsource = {dblp computer science bibliography, https://dblp.org}
}

@inproceedings{DBLP:conf/s-egc/AloupisDDDI11,
  author    = {Greg Aloupis and
               Erik D. Demaine and
               Martin L. Demaine and
               Vida Dujmovic and
               John Iacono},
  title     = {Meshes Preserving Minimum Feature Size},
  booktitle = {Computational Geometry - {XIV} Spanish Meeting on Computational Geometry,
               {EGC} 2011, Dedicated to Ferran Hurtado on the Occasion of His 60th
               Birthday, Alcal{\'{a}} de Henares, Spain, June 27-30, 2011, Revised
               Selected Papers},
  pages     = {258--273},
  year      = {2011},
  crossref  = {DBLP:conf/s-egc/2011},
  url       = {https://doi.org/10.1007/978-3-642-34191-5\_25},
  doi       = {10.1007/978-3-642-34191-5\_25},
  timestamp = {Tue, 14 May 2019 10:00:51 +0200},
  biburl    = {https://dblp.org/rec/bib/conf/s-egc/AloupisDDDI11},
  bibsource = {dblp computer science bibliography, https://dblp.org}
}

@proceedings{DBLP:conf/wads/2011,
  editor    = {Frank Dehne and
               John Iacono and
               J{\"{o}}rg{-}R{\"{u}}diger Sack},
  title     = {Algorithms and Data Structures - 12th International Symposium, {WADS}
               2011, New York, NY, USA, August 15-17, 2011. Proceedings},
  series    = {Lecture Notes in Computer Science},
  volume    = {6844},
  publisher = {Springer},
  year      = {2011},
  url       = {https://doi.org/10.1007/978-3-642-22300-6},
  doi       = {10.1007/978-3-642-22300-6},
  isbn      = {978-3-642-22299-3},
  timestamp = {Tue, 14 May 2019 01:00:00 +0200},
  biburl    = {https://dblp.org/rec/bib/conf/wads/2011},
  bibsource = {dblp computer science bibliography, https://dblp.org}
}

@article{DBLP:journals/corr/abs-1104-2799,
  author    = {John Iacono and
               Mihai Patrascu},
  title     = {Using Hashing to Solve the Dictionary Problem (In External Memory)},
  journal   = {CoRR},
  volume    = {abs/1104.2799},
  year      = {2011},
  url       = {http://arxiv.org/abs/1104.2799},
  archivePrefix = {arXiv},
  eprint    = {1104.2799},
  timestamp = {Mon, 13 Aug 2018 01:00:00 +0200},
  biburl    = {https://dblp.org/rec/bib/journals/corr/abs-1104-2799},
  bibsource = {dblp computer science bibliography, https://dblp.org}
}

@article{DBLP:journals/corr/abs-1104-3045,
  author    = {S{\'{e}}bastien Collette and
               John Iacono and
               Stefan Langerman},
  title     = {Confluent Persistence Revisited},
  journal   = {CoRR},
  volume    = {abs/1104.3045},
  year      = {2011},
  url       = {http://arxiv.org/abs/1104.3045},
  archivePrefix = {arXiv},
  eprint    = {1104.3045},
  timestamp = {Mon, 13 Aug 2018 01:00:00 +0200},
  biburl    = {https://dblp.org/rec/bib/journals/corr/abs-1104-3045},
  bibsource = {dblp computer science bibliography, https://dblp.org}
}

@article{DBLP:journals/corr/abs-1104-5597,
  author    = {John Iacono and
               Wolfgang Mulzer},
  title     = {A Static Optimality Transformation with Applications to Planar Point
               Location},
  journal   = {CoRR},
  volume    = {abs/1104.5597},
  year      = {2011},
  url       = {http://arxiv.org/abs/1104.5597},
  archivePrefix = {arXiv},
  eprint    = {1104.5597},
  timestamp = {Mon, 13 Aug 2018 01:00:00 +0200},
  biburl    = {https://dblp.org/rec/bib/journals/corr/abs-1104-5597},
  bibsource = {dblp computer science bibliography, https://dblp.org}
}

@article{DBLP:journals/corr/abs-1109-2885,
  author    = {Mordecai J. Golin and
               John Iacono and
               Danny Krizanc and
               Rajeev Raman and
               S. Srinivasa Rao},
  title     = {Encoding 2-D Range Maximum Queries},
  journal   = {CoRR},
  volume    = {abs/1109.2885},
  year      = {2011},
  url       = {http://arxiv.org/abs/1109.2885},
  archivePrefix = {arXiv},
  eprint    = {1109.2885},
  timestamp = {Mon, 13 Aug 2018 01:00:00 +0200},
  biburl    = {https://dblp.org/rec/bib/journals/corr/abs-1109-2885},
  bibsource = {dblp computer science bibliography, https://dblp.org}
}

@article{DBLP:journals/corr/abs-1110-4428,
  author    = {John Iacono},
  title     = {Improved Upper Bounds for Pairing Heaps},
  journal   = {CoRR},
  volume    = {abs/1110.4428},
  year      = {2011},
  url       = {http://arxiv.org/abs/1110.4428},
  archivePrefix = {arXiv},
  eprint    = {1110.4428},
  timestamp = {Mon, 13 Aug 2018 01:00:00 +0200},
  biburl    = {https://dblp.org/rec/bib/journals/corr/abs-1110-4428},
  bibsource = {dblp computer science bibliography, https://dblp.org}
}

@article{DBLP:journals/comgeo/Iacono10,
  author    = {John Iacono},
  title     = {Editorial},
  journal   = {Comput. Geom.},
  volume    = {43},
  number    = {1},
  pages     = {1},
  year      = {2010},
  url       = {https://doi.org/10.1016/j.comgeo.2009.03.003},
  doi       = {10.1016/j.comgeo.2009.03.003},
  timestamp = {Sat, 20 May 2017 01:00:00 +0200},
  biburl    = {https://dblp.org/rec/bib/journals/comgeo/Iacono10},
  bibsource = {dblp computer science bibliography, https://dblp.org}
}

@article{DBLP:journals/ijcga/DemaineIL10,
  author    = {Erik D. Demaine and
               John Iacono and
               Stefan Langerman},
  title     = {Grid Vertex-Unfolding Orthostacks},
  journal   = {Int. J. Comput. Geometry Appl.},
  volume    = {20},
  number    = {3},
  pages     = {245--254},
  year      = {2010},
  url       = {https://doi.org/10.1142/S0218195910003281},
  doi       = {10.1142/S0218195910003281},
  timestamp = {Fri, 02 Nov 2018 00:00:00 +0100},
  biburl    = {https://dblp.org/rec/bib/journals/ijcga/DemaineIL10},
  bibsource = {dblp computer science bibliography, https://dblp.org}
}

@inproceedings{DBLP:conf/cccg/ChenDILM10,
  author    = {Dan Chen and
               Olivier Devillers and
               John Iacono and
               Stefan Langerman and
               Pat Morin},
  title     = {Oja medians and centers of gravity},
  booktitle = {Proceedings of the 22nd Annual Canadian Conference on Computational
               Geometry, Winnipeg, Manitoba, Canada, August 9-11, 2010},
  pages     = {147--150},
  year      = {2010},
  crossref  = {DBLP:conf/cccg/2010},
  url       = {http://cccg.ca/proceedings/2010/paper40.pdf},
  timestamp = {Thu, 16 Aug 2018 01:00:00 +0200},
  biburl    = {https://dblp.org/rec/bib/conf/cccg/ChenDILM10},
  bibsource = {dblp computer science bibliography, https://dblp.org}
}

@inproceedings{DBLP:conf/cgga/AloupisBCDDDDILM10,
  author    = {Greg Aloupis and
               Prosenjit Bose and
               S{\'{e}}bastien Collette and
               Erik D. Demaine and
               Martin L. Demaine and
               Karim Dou{\"{\i}}eb and
               Vida Dujmovic and
               John Iacono and
               Stefan Langerman and
               Pat Morin},
  title     = {Common Unfoldings of Polyominoes and Polycubes},
  booktitle = {Computational Geometry, Graphs and Applications - 9th International
               Conference, {CGGA} 2010, Dalian, China, November 3-6, 2010, Revised
               Selected Papers},
  pages     = {44--54},
  year      = {2010},
  crossref  = {DBLP:conf/cgga/2010},
  url       = {https://doi.org/10.1007/978-3-642-24983-9\_5},
  doi       = {10.1007/978-3-642-24983-9\_5},
  timestamp = {Tue, 14 May 2019 10:00:36 +0200},
  biburl    = {https://dblp.org/rec/bib/conf/cgga/AloupisBCDDDDILM10},
  bibsource = {dblp computer science bibliography, https://dblp.org}
}

@inproceedings{DBLP:conf/cocoa/BallingerBBDDDFHILa10,
  author    = {Brad Ballinger and
               Nadia Benbernou and
               Prosenjit Bose and
               Mirela Damian and
               Erik D. Demaine and
               Vida Dujmovic and
               Robin Y. Flatland and
               Ferran Hurtado and
               John Iacono and
               Anna Lubiw and
               Pat Morin and
               Vera Sacrist{\'{a}}n Adinolfi and
               Diane L. Souvaine and
               Ryuhei Uehara},
  title     = {Coverage with \emph{k}-Transmitters in the Presence of Obstacles},
  booktitle = {Combinatorial Optimization and Applications - 4th International Conference,
               {COCOA} 2010, Kailua-Kona, HI, USA, December 18-20, 2010, Proceedings,
               Part {II}},
  pages     = {1--15},
  year      = {2010},
  crossref  = {DBLP:conf/cocoa/2010-2},
  url       = {https://doi.org/10.1007/978-3-642-17461-2\_1},
  doi       = {10.1007/978-3-642-17461-2\_1},
  timestamp = {Tue, 14 May 2019 10:00:52 +0200},
  biburl    = {https://dblp.org/rec/bib/conf/cocoa/BallingerBBDDDFHILa10},
  bibsource = {dblp computer science bibliography, https://dblp.org}
}

@inproceedings{DBLP:conf/icalp/IaconoO10,
  author    = {John Iacono and
               {\"{O}}zg{\"{u}}r {\"{O}}zkan},
  title     = {Mergeable Dictionaries},
  booktitle = {Automata, Languages and Programming, 37th International Colloquium,
               {ICALP} 2010, Bordeaux, France, July 6-10, 2010, Proceedings, Part
               {I}},
  pages     = {164--175},
  year      = {2010},
  crossref  = {DBLP:conf/icalp/2010-1},
  url       = {https://doi.org/10.1007/978-3-642-14165-2\_15},
  doi       = {10.1007/978-3-642-14165-2\_15},
  timestamp = {Tue, 14 May 2019 10:00:44 +0200},
  biburl    = {https://dblp.org/rec/bib/conf/icalp/IaconoO10},
  bibsource = {dblp computer science bibliography, https://dblp.org}
}

@inproceedings{DBLP:conf/isaac/BrodnikI10,
  author    = {Andrej Brodnik and
               John Iacono},
  title     = {Unit-Time Predecessor Queries on Massive Data Sets},
  booktitle = {Algorithms and Computation - 21st International Symposium, {ISAAC}
               2010, Jeju Island, Korea, December 15-17, 2010, Proceedings, Part
               {I}},
  pages     = {133--144},
  year      = {2010},
  crossref  = {DBLP:conf/isaac/2010-1},
  url       = {https://doi.org/10.1007/978-3-642-17517-6\_14},
  doi       = {10.1007/978-3-642-17517-6\_14},
  timestamp = {Tue, 14 May 2019 10:00:50 +0200},
  biburl    = {https://dblp.org/rec/bib/conf/isaac/BrodnikI10},
  bibsource = {dblp computer science bibliography, https://dblp.org}
}

@inproceedings{DBLP:conf/soda/BrodalDFILM10,
  author    = {Gerth St{\o}lting Brodal and
               Erik D. Demaine and
               Jeremy T. Fineman and
               John Iacono and
               Stefan Langerman and
               J. Ian Munro},
  title     = {Cache-Oblivious Dynamic Dictionaries with Update/Query Tradeoffs},
  booktitle = {Proceedings of the Twenty-First Annual {ACM-SIAM} Symposium on Discrete
               Algorithms, {SODA} 2010, Austin, Texas, USA, January 17-19, 2010},
  pages     = {1448--1456},
  year      = {2010},
  crossref  = {DBLP:conf/soda/2010},
  url       = {https://doi.org/10.1137/1.9781611973075.117},
  doi       = {10.1137/1.9781611973075.117},
  timestamp = {Wed, 24 May 2017 08:31:21 +0200},
  biburl    = {https://dblp.org/rec/bib/conf/soda/BrodalDFILM10},
  bibsource = {dblp computer science bibliography, https://dblp.org}
}

@inproceedings{DBLP:conf/dagstuhl/IaconoO10,
  author    = {John Iacono and
               {\"{O}}zg{\"{u}}r {\"{O}}zkan},
  title     = {Mergeable Dictionaries},
  booktitle = {Data Structures, 28.02. - 05.03.2010},
  year      = {2010},
  crossref  = {DBLP:conf/dagstuhl/2010P10091},
  url       = {http://drops.dagstuhl.de/opus/volltexte/2010/2685/},
  timestamp = {Thu, 23 Aug 2018 01:00:00 +0200},
  biburl    = {https://dblp.org/rec/bib/conf/dagstuhl/IaconoO10},
  bibsource = {dblp computer science bibliography, https://dblp.org}
}

@article{DBLP:journals/corr/abs-1002-4248,
  author    = {John Iacono and
               {\"{O}}zg{\"{u}}r {\"{O}}zkan},
  title     = {Mergeable Dictionaries},
  journal   = {CoRR},
  volume    = {abs/1002.4248},
  year      = {2010},
  url       = {http://arxiv.org/abs/1002.4248},
  archivePrefix = {arXiv},
  eprint    = {1002.4248},
  timestamp = {Mon, 13 Aug 2018 01:00:00 +0200},
  biburl    = {https://dblp.org/rec/bib/journals/corr/abs-1002-4248},
  bibsource = {dblp computer science bibliography, https://dblp.org}
}

@article{DBLP:journals/corr/abs-1009-5538,
  author    = {Amr Elmasry and
               Arash Farzan and
               John Iacono},
  title     = {Priority Queues with Multiple Time Fingers},
  journal   = {CoRR},
  volume    = {abs/1009.5538},
  year      = {2010},
  url       = {http://arxiv.org/abs/1009.5538},
  archivePrefix = {arXiv},
  eprint    = {1009.5538},
  timestamp = {Mon, 13 Aug 2018 01:00:00 +0200},
  biburl    = {https://dblp.org/rec/bib/journals/corr/abs-1009-5538},
  bibsource = {dblp computer science bibliography, https://dblp.org}
}

@article{DBLP:journals/comgeo/DemaineDIL09,
  author    = {Erik D. Demaine and
               Martin L. Demaine and
               John Iacono and
               Stefan Langerman},
  title     = {Wrapping spheres with flat paper},
  journal   = {Comput. Geom.},
  volume    = {42},
  number    = {8},
  pages     = {748--757},
  year      = {2009},
  url       = {https://doi.org/10.1016/j.comgeo.2008.10.006},
  doi       = {10.1016/j.comgeo.2008.10.006},
  timestamp = {Fri, 30 Nov 2018 00:00:00 +0100},
  biburl    = {https://dblp.org/rec/bib/journals/comgeo/DemaineDIL09},
  bibsource = {dblp computer science bibliography, https://dblp.org}
}

@inproceedings{DBLP:conf/cccg/El-KhechenDIO09,
  author    = {Dania El{-}Khechen and
               Muriel Dulieu and
               John Iacono and
               Nikolaj van Omme},
  title     = {Packing 2{\texttimes}2 unit squares into grid polygons is NP-complete},
  booktitle = {Proceedings of the 21st Annual Canadian Conference on Computational
               Geometry, Vancouver, British Columbia, Canada, August 17-19, 2009},
  pages     = {33--36},
  year      = {2009},
  crossref  = {DBLP:conf/cccg/2009},
  url       = {http://cccg.ca/proceedings/2009/cccg09\_09.pdf},
  timestamp = {Fri, 03 Sep 2010 08:48:18 +0200},
  biburl    = {https://dblp.org/rec/bib/conf/cccg/El-KhechenDIO09},
  bibsource = {dblp computer science bibliography, https://dblp.org}
}

@inproceedings{DBLP:conf/ecmr/AloupisBDDFIW09,
  author    = {Greg Aloupis and
               Nadia Benbernou and
               Mirela Damian and
               Erik D. Demaine and
               Robin Y. Flatland and
               John Iacono and
               Stefanie Wuhrer},
  title     = {Efficient Reconfiguration of Lattice-Based Modular Robots},
  booktitle = {Proceedings of the 4th European Conference on Mobile Robots, ECMR'09,
               September 23-25, 2009, Mlini/Dubrovnik, Croatia},
  pages     = {81--86},
  year      = {2009},
  crossref  = {DBLP:conf/ecmr/2009},
  timestamp = {Mon, 29 Aug 2011 07:53:55 +0200},
  biburl    = {https://dblp.org/rec/bib/conf/ecmr/AloupisBDDFIW09},
  bibsource = {dblp computer science bibliography, https://dblp.org}
}

@inproceedings{DBLP:conf/soda/DemaineHIKP09,
  author    = {Erik D. Demaine and
               Dion Harmon and
               John Iacono and
               Daniel M. Kane and
               Mihai Patrascu},
  title     = {The geometry of binary search trees},
  booktitle = {Proceedings of the Twentieth Annual {ACM-SIAM} Symposium on Discrete
               Algorithms, {SODA} 2009, New York, NY, USA, January 4-6, 2009},
  pages     = {496--505},
  year      = {2009},
  crossref  = {DBLP:conf/soda/2009},
  url       = {http://dl.acm.org/citation.cfm?id=1496770.1496825},
  timestamp = {Wed, 24 May 2017 08:31:21 +0200},
  biburl    = {https://dblp.org/rec/bib/conf/soda/DemaineHIKP09},
  bibsource = {dblp computer science bibliography, https://dblp.org}
}

@inproceedings{DBLP:conf/wads/BallingerCDDILP09,
  author    = {Brad Ballinger and
               David Charlton and
               Erik D. Demaine and
               Martin L. Demaine and
               John Iacono and
               Ching{-}Hao Liu and
               Sheung{-}Hung Poon},
  title     = {Minimal Locked Trees},
  booktitle = {Algorithms and Data Structures, 11th International Symposium, {WADS}
               2009, Banff, Canada, August 21-23, 2009. Proceedings},
  pages     = {61--73},
  year      = {2009},
  crossref  = {DBLP:conf/wads/2009},
  url       = {https://doi.org/10.1007/978-3-642-03367-4\_6},
  doi       = {10.1007/978-3-642-03367-4\_6},
  timestamp = {Sun, 02 Jun 2019 01:00:00 +0200},
  biburl    = {https://dblp.org/rec/bib/conf/wads/BallingerCDDILP09},
  bibsource = {dblp computer science bibliography, https://dblp.org}
}

@article{DBLP:journals/corr/abs-0901-1908,
  author    = {S{\'{e}}bastien Collette and
               Vida Dujmovic and
               John Iacono and
               Stefan Langerman and
               Pat Morin},
  title     = {Entropy, Triangulation, and Point Location in Planar Subdivisions},
  journal   = {CoRR},
  volume    = {abs/0901.1908},
  year      = {2009},
  url       = {http://arxiv.org/abs/0901.1908},
  archivePrefix = {arXiv},
  eprint    = {0901.1908},
  timestamp = {Mon, 13 Aug 2018 01:00:00 +0200},
  biburl    = {https://dblp.org/rec/bib/journals/corr/abs-0901-1908},
  bibsource = {dblp computer science bibliography, https://dblp.org}
}

@article{DBLP:journals/corr/abs-0906-2461,
  author    = {Erik D. Demaine and
               Martin L. Demaine and
               Vi Hart and
               John Iacono and
               Stefan Langerman and
               Joseph O'Rourke},
  title     = {Continuous Blooming of Convex Polyhedra},
  journal   = {CoRR},
  volume    = {abs/0906.2461},
  year      = {2009},
  url       = {http://arxiv.org/abs/0906.2461},
  archivePrefix = {arXiv},
  eprint    = {0906.2461},
  timestamp = {Mon, 13 Aug 2018 01:00:00 +0200},
  biburl    = {https://dblp.org/rec/bib/journals/corr/abs-0906-2461},
  bibsource = {dblp computer science bibliography, https://dblp.org}
}

@article{DBLP:journals/corr/abs-0908-2442,
  author    = {Greg Aloupis and
               Jean Cardinal and
               S{\'{e}}bastien Collette and
               John Iacono and
               Stefan Langerman},
  title     = {Detecting all regular polygons in a point set},
  journal   = {CoRR},
  volume    = {abs/0908.2442},
  year      = {2009},
  url       = {http://arxiv.org/abs/0908.2442},
  archivePrefix = {arXiv},
  eprint    = {0908.2442},
  timestamp = {Mon, 13 Aug 2018 01:00:00 +0200},
  biburl    = {https://dblp.org/rec/bib/journals/corr/abs-0908-2442},
  bibsource = {dblp computer science bibliography, https://dblp.org}
}

@article{DBLP:journals/corr/abs-0908-2493,
  author    = {Greg Aloupis and
               Erik D. Demaine and
               Martin L. Demaine and
               Vida Dujmovic and
               John Iacono},
  title     = {Minimum feature size preserving decompositions},
  journal   = {CoRR},
  volume    = {abs/0908.2493},
  year      = {2009},
  url       = {http://arxiv.org/abs/0908.2493},
  archivePrefix = {arXiv},
  eprint    = {0908.2493},
  timestamp = {Mon, 13 Aug 2018 01:00:00 +0200},
  biburl    = {https://dblp.org/rec/bib/journals/corr/abs-0908-2493},
  bibsource = {dblp computer science bibliography, https://dblp.org}
}

@article{DBLP:journals/sac/BremnerCILM08,
  author    = {David Bremner and
               Dan Chen and
               John Iacono and
               Stefan Langerman and
               Pat Morin},
  title     = {Output-sensitive algorithms for Tukey depth and related problems},
  journal   = {Statistics and Computing},
  volume    = {18},
  number    = {3},
  pages     = {259--266},
  year      = {2008},
  url       = {https://doi.org/10.1007/s11222-008-9054-2},
  doi       = {10.1007/s11222-008-9054-2},
  timestamp = {Fri, 30 Nov 2018 00:00:00 +0100},
  biburl    = {https://dblp.org/rec/bib/journals/sac/BremnerCILM08},
  bibsource = {dblp computer science bibliography, https://dblp.org}
}

@inproceedings{DBLP:conf/cccg/El-KhechenIFR08,
  author    = {Dania El{-}Khechen and
               John Iacono and
               Thomas Fevens and
               G{\"{u}}nter Rote},
  title     = {Partitioning a Polygon into Two Mirror Congruent Pieces},
  booktitle = {Proceedings of the 20th Annual Canadian Conference on Computational
               Geometry, Montr{\'{e}}al, Canada, August 13-15, 2008},
  year      = {2008},
  crossref  = {DBLP:conf/cccg/2008},
  timestamp = {Wed, 26 Sep 2012 12:22:14 +0200},
  biburl    = {https://dblp.org/rec/bib/conf/cccg/El-KhechenIFR08},
  bibsource = {dblp computer science bibliography, https://dblp.org}
}

@inproceedings{DBLP:conf/soda/ColletteDILM08,
  author    = {S{\'{e}}bastien Collette and
               Vida Dujmovic and
               John Iacono and
               Stefan Langerman and
               Pat Morin},
  title     = {Distribution-sensitive point location in convex subdivisions},
  booktitle = {Proceedings of the Nineteenth Annual {ACM-SIAM} Symposium on Discrete
               Algorithms, {SODA} 2008, San Francisco, California, USA, January 20-22,
               2008},
  pages     = {912--921},
  year      = {2008},
  crossref  = {DBLP:conf/soda/2008},
  url       = {http://dl.acm.org/citation.cfm?id=1347082.1347182},
  timestamp = {Fri, 07 Dec 2012 17:02:08 +0100},
  biburl    = {https://dblp.org/rec/bib/conf/soda/ColletteDILM08},
  bibsource = {dblp computer science bibliography, https://dblp.org}
}

@article{DBLP:journals/dcg/BoseDHILM07,
  author    = {Prosenjit Bose and
               Erik D. Demaine and
               Ferran Hurtado and
               John Iacono and
               Stefan Langerman and
               Pat Morin},
  title     = {Geodesic Ham-Sandwich Cuts},
  journal   = {Discrete {\&} Computational Geometry},
  volume    = {37},
  number    = {3},
  pages     = {325--339},
  year      = {2007},
  url       = {https://doi.org/10.1007/s00454-006-1287-2},
  doi       = {10.1007/s00454-006-1287-2},
  timestamp = {Fri, 30 Nov 2018 00:00:00 +0100},
  biburl    = {https://dblp.org/rec/bib/journals/dcg/BoseDHILM07},
  bibsource = {dblp computer science bibliography, https://dblp.org}
}

@article{DBLP:journals/siamcomp/DemaineHIP07,
  author    = {Erik D. Demaine and
               Dion Harmon and
               John Iacono and
               Mihai Patrascu},
  title     = {Dynamic Optimality - Almost},
  journal   = {{SIAM} J. Comput.},
  volume    = {37},
  number    = {1},
  pages     = {240--251},
  year      = {2007},
  url       = {https://doi.org/10.1137/S0097539705447347},
  doi       = {10.1137/S0097539705447347},
  timestamp = {Wed, 14 Nov 2018 00:00:00 +0100},
  biburl    = {https://dblp.org/rec/bib/journals/siamcomp/DemaineHIP07},
  bibsource = {dblp computer science bibliography, https://dblp.org}
}

@article{DBLP:journals/talg/DemaineIL07,
  author    = {Erik D. Demaine and
               John Iacono and
               Stefan Langerman},
  title     = {Retroactive data structures},
  journal   = {{ACM} Trans. Algorithms},
  volume    = {3},
  number    = {2},
  pages     = {13},
  year      = {2007},
  url       = {https://doi.org/10.1145/1240233.1240236},
  doi       = {10.1145/1240233.1240236},
  timestamp = {Sun, 02 Jun 2019 01:00:00 +0200},
  biburl    = {https://dblp.org/rec/bib/journals/talg/DemaineIL07},
  bibsource = {dblp computer science bibliography, https://dblp.org}
}

@article{DBLP:journals/tcs/BadoiuCDI07,
  author    = {Mihai Badoiu and
               Richard Cole and
               Erik D. Demaine and
               John Iacono},
  title     = {A unified access bound on comparison-based dynamic dictionaries},
  journal   = {Theor. Comput. Sci.},
  volume    = {382},
  number    = {2},
  pages     = {86--96},
  year      = {2007},
  url       = {https://doi.org/10.1016/j.tcs.2007.03.002},
  doi       = {10.1016/j.tcs.2007.03.002},
  timestamp = {Sun, 28 May 2017 01:00:00 +0200},
  biburl    = {https://dblp.org/rec/bib/journals/tcs/BadoiuCDI07},
  bibsource = {dblp computer science bibliography, https://dblp.org}
}

@article{DBLP:journals/jcb/ColanninoDHIMRT06,
  author    = {Justin Colannino and
               Mirela Damian and
               Ferran Hurtado and
               John Iacono and
               Henk Meijer and
               Suneeta Ramaswami and
               Godfried T. Toussaint},
  title     = {An \emph{O}(\emph{n} log \emph{n})-Time Algorithm for the Restriction
               Scaffold Assignment Problem},
  journal   = {Journal of Computational Biology},
  volume    = {13},
  number    = {4},
  pages     = {979--989},
  year      = {2006},
  url       = {https://doi.org/10.1089/cmb.2006.13.979},
  doi       = {10.1089/cmb.2006.13.979},
  timestamp = {Wed, 14 Nov 2018 00:00:00 +0100},
  biburl    = {https://dblp.org/rec/bib/journals/jcb/ColanninoDHIMRT06},
  bibsource = {dblp computer science bibliography, https://dblp.org}
}

@inproceedings{DBLP:conf/cccg/DamianDDDEFILMRSTT06,
  author    = {Mirela Damian and
               Erik D. Demaine and
               Martin L. Demaine and
               Vida Dujmovic and
               Dania El{-}Khechen and
               Robin Y. Flatland and
               John Iacono and
               Stefan Langerman and
               Henk Meijer and
               Suneeta Ramaswami and
               Diane L. Souvaine and
               Perouz Taslakian and
               Godfried T. Toussaint},
  title     = {Curves in the Sand: Algorithmic Drawing},
  booktitle = {Proceedings of the 18th Annual Canadian Conference on Computational
               Geometry, {CCCG} 2006, August 14-16, 2006, Queen's University, Ontario,
               Canada},
  year      = {2006},
  crossref  = {DBLP:conf/cccg/2006},
  url       = {http://www.cs.queensu.ca/cccg/papers/cccg4.pdf},
  timestamp = {Tue, 04 Sep 2007 14:51:10 +0200},
  biburl    = {https://dblp.org/rec/bib/conf/cccg/DamianDDDEFILMRSTT06},
  bibsource = {dblp computer science bibliography, https://dblp.org}
}

@inproceedings{DBLP:conf/cccg/El-KhechenFI06,
  author    = {Dania El{-}Khechen and
               Thomas Fevens and
               John Iacono},
  title     = {Partitioning a Regular n-gon into n+1 Convex Congruent Pieces is Impossible,
               for Sufficiently Large n},
  booktitle = {Proceedings of the 18th Annual Canadian Conference on Computational
               Geometry, {CCCG} 2006, August 14-16, 2006, Queen's University, Ontario,
               Canada},
  year      = {2006},
  crossref  = {DBLP:conf/cccg/2006},
  url       = {http://www.cs.queensu.ca/cccg/papers/cccg45.pdf},
  timestamp = {Tue, 04 Sep 2007 14:51:10 +0200},
  biburl    = {https://dblp.org/rec/bib/conf/cccg/El-KhechenFI06},
  bibsource = {dblp computer science bibliography, https://dblp.org}
}

@inproceedings{DBLP:conf/esa/BremnerCDEHILT06,
  author    = {David Bremner and
               Timothy M. Chan and
               Erik D. Demaine and
               Jeff Erickson and
               Ferran Hurtado and
               John Iacono and
               Stefan Langerman and
               Perouz Taslakian},
  title     = {Necklaces, Convolutions, and \emph{X} + \emph{Y}},
  booktitle = {Algorithms - {ESA} 2006, 14th Annual European Symposium, Zurich, Switzerland,
               September 11-13, 2006, Proceedings},
  pages     = {160--171},
  year      = {2006},
  crossref  = {DBLP:conf/esa/2006},
  url       = {https://doi.org/10.1007/11841036\_17},
  doi       = {10.1007/11841036\_17},
  timestamp = {Tue, 14 May 2019 10:00:54 +0200},
  biburl    = {https://dblp.org/rec/bib/conf/esa/BremnerCDEHILT06},
  bibsource = {dblp computer science bibliography, https://dblp.org}
}

@inproceedings{DBLP:conf/latin/AronovBDGILS06,
  author    = {Boris Aronov and
               Prosenjit Bose and
               Erik D. Demaine and
               Joachim Gudmundsson and
               John Iacono and
               Stefan Langerman and
               Michiel H. M. Smid},
  title     = {Data Structures for Halfplane Proximity Queries and Incremental Voronoi
               Diagrams},
  booktitle = {{LATIN} 2006: Theoretical Informatics, 7th Latin American Symposium,
               Valdivia, Chile, March 20-24, 2006, Proceedings},
  pages     = {80--92},
  year      = {2006},
  crossref  = {DBLP:conf/latin/2006},
  url       = {https://doi.org/10.1007/11682462\_12},
  doi       = {10.1007/11682462\_12},
  timestamp = {Tue, 14 May 2019 10:00:53 +0200},
  biburl    = {https://dblp.org/rec/bib/conf/latin/AronovBDGILS06},
  bibsource = {dblp computer science bibliography, https://dblp.org}
}

@inproceedings{DBLP:conf/latin/AronovDIY06,
  author    = {Boris Aronov and
               Alan R. Davis and
               John Iacono and
               Albert Siu Cheong Yu},
  title     = {The Complexity of Diffuse Reflections in a Simple Polygon},
  booktitle = {{LATIN} 2006: Theoretical Informatics, 7th Latin American Symposium,
               Valdivia, Chile, March 20-24, 2006, Proceedings},
  pages     = {93--104},
  year      = {2006},
  crossref  = {DBLP:conf/latin/2006},
  url       = {https://doi.org/10.1007/11682462\_13},
  doi       = {10.1007/11682462\_13},
  timestamp = {Tue, 14 May 2019 10:00:53 +0200},
  biburl    = {https://dblp.org/rec/bib/conf/latin/AronovDIY06},
  bibsource = {dblp computer science bibliography, https://dblp.org}
}

@article{DBLP:journals/algorithmica/Iacono05,
  author    = {John Iacono},
  title     = {Key-Independent Optimality},
  journal   = {Algorithmica},
  volume    = {42},
  number    = {1},
  pages     = {3--10},
  year      = {2005},
  url       = {https://doi.org/10.1007/s00453-004-1136-8},
  doi       = {10.1007/s00453-004-1136-8},
  timestamp = {Wed, 17 May 2017 01:00:00 +0200},
  biburl    = {https://dblp.org/rec/bib/journals/algorithmica/Iacono05},
  bibsource = {dblp computer science bibliography, https://dblp.org}
}

@article{DBLP:journals/algorithmica/IaconoL05,
  author    = {John Iacono and
               Stefan Langerman},
  title     = {Queaps},
  journal   = {Algorithmica},
  volume    = {42},
  number    = {1},
  pages     = {49--56},
  year      = {2005},
  url       = {https://doi.org/10.1007/s00453-004-1139-5},
  doi       = {10.1007/s00453-004-1139-5},
  timestamp = {Sun, 02 Jun 2019 01:00:00 +0200},
  biburl    = {https://dblp.org/rec/bib/journals/algorithmica/IaconoL05},
  bibsource = {dblp computer science bibliography, https://dblp.org}
}

@article{DBLP:journals/dcg/BremnerDEILMT05,
  author    = {David Bremner and
               Erik D. Demaine and
               Jeff Erickson and
               John Iacono and
               Stefan Langerman and
               Pat Morin and
               Godfried T. Toussaint},
  title     = {Output-Sensitive Algorithms for Computing Nearest-Neighbour Decision
               Boundaries},
  journal   = {Discrete {\&} Computational Geometry},
  volume    = {33},
  number    = {4},
  pages     = {593--604},
  year      = {2005},
  url       = {https://doi.org/10.1007/s00454-004-1152-0},
  doi       = {10.1007/s00454-004-1152-0},
  timestamp = {Fri, 30 Nov 2018 00:00:00 +0100},
  biburl    = {https://dblp.org/rec/bib/journals/dcg/BremnerDEILMT05},
  bibsource = {dblp computer science bibliography, https://dblp.org}
}

@article{DBLP:journals/ijcga/DemaineEHILMOW05,
  author    = {Erik D. Demaine and
               Jeff Erickson and
               Ferran Hurtado and
               John Iacono and
               Stefan Langerman and
               Henk Meijer and
               Mark H. Overmars and
               Sue Whitesides},
  title     = {Separating Point Sets in Polygonal Environments},
  journal   = {Int. J. Comput. Geometry Appl.},
  volume    = {15},
  number    = {4},
  pages     = {403--420},
  year      = {2005},
  url       = {https://doi.org/10.1142/S0218195905001762},
  doi       = {10.1142/S0218195905001762},
  timestamp = {Fri, 02 Nov 2018 00:00:00 +0100},
  biburl    = {https://dblp.org/rec/bib/journals/ijcga/DemaineEHILMOW05},
  bibsource = {dblp computer science bibliography, https://dblp.org}
}

@article{DBLP:journals/corr/abs-cs-0507013,
  author    = {Justin Colannino and
               Mirela Damian and
               Ferran Hurtado and
               John Iacono and
               Henk Meijer and
               Suneeta Ramaswami and
               Godfried T. Toussaint},
  title     = {An O(n log n)-Time Algorithm for the Restricted Scaffold Assignment},
  journal   = {CoRR},
  volume    = {abs/cs/0507013},
  year      = {2005},
  url       = {http://arxiv.org/abs/cs/0507013},
  archivePrefix = {arXiv},
  eprint    = {cs/0507013},
  timestamp = {Mon, 13 Aug 2018 01:00:00 +0200},
  biburl    = {https://dblp.org/rec/bib/journals/corr/abs-cs-0507013},
  bibsource = {dblp computer science bibliography, https://dblp.org}
}

@article{DBLP:journals/corr/abs-cs-0512091,
  author    = {Boris Aronov and
               Prosenjit Bose and
               Erik D. Demaine and
               Joachim Gudmundsson and
               John Iacono and
               Stefan Langerman and
               Michiel H. M. Smid},
  title     = {Data Structures for Halfplane Proximity Queries and Incremental Voronoi
               Diagrams},
  journal   = {CoRR},
  volume    = {abs/cs/0512091},
  year      = {2005},
  url       = {http://arxiv.org/abs/cs/0512091},
  archivePrefix = {arXiv},
  eprint    = {cs/0512091},
  timestamp = {Mon, 13 Aug 2018 01:00:00 +0200},
  biburl    = {https://dblp.org/rec/bib/journals/corr/abs-cs-0512091},
  bibsource = {dblp computer science bibliography, https://dblp.org}
}

@article{DBLP:journals/comgeo/DemaineIL04,
  author    = {Erik D. Demaine and
               John Iacono and
               Stefan Langerman},
  title     = {Proximate point searching},
  journal   = {Comput. Geom.},
  volume    = {28},
  number    = {1},
  pages     = {29--40},
  year      = {2004},
  url       = {https://doi.org/10.1016/j.comgeo.2004.01.005},
  doi       = {10.1016/j.comgeo.2004.01.005},
  timestamp = {Fri, 30 Nov 2018 00:00:00 +0100},
  biburl    = {https://dblp.org/rec/bib/journals/comgeo/DemaineIL04},
  bibsource = {dblp computer science bibliography, https://dblp.org}
}

@article{DBLP:journals/comgeo/Iacono04,
  author    = {John Iacono},
  title     = {Expected asymptotically optimal planar point location},
  journal   = {Comput. Geom.},
  volume    = {29},
  number    = {1},
  pages     = {19--22},
  year      = {2004},
  url       = {https://doi.org/10.1016/j.comgeo.2004.03.010},
  doi       = {10.1016/j.comgeo.2004.03.010},
  timestamp = {Sat, 20 May 2017 01:00:00 +0200},
  biburl    = {https://dblp.org/rec/bib/journals/comgeo/Iacono04},
  bibsource = {dblp computer science bibliography, https://dblp.org}
}

@article{DBLP:journals/jal/BenderDIW04,
  author    = {Michael A. Bender and
               Ziyang Duan and
               John Iacono and
               Jing Wu},
  title     = {A locality-preserving cache-oblivious dynamic dictionary},
  journal   = {J. Algorithms},
  volume    = {53},
  number    = {2},
  pages     = {115--136},
  year      = {2004},
  url       = {https://doi.org/10.1016/j.jalgor.2004.04.014},
  doi       = {10.1016/j.jalgor.2004.04.014},
  timestamp = {Sun, 28 May 2017 01:00:00 +0200},
  biburl    = {https://dblp.org/rec/bib/journals/jal/BenderDIW04},
  bibsource = {dblp computer science bibliography, https://dblp.org}
}

@article{DBLP:journals/tcs/BronnimannIKMMT04,
  author    = {Herv{\'{e}} Br{\"{o}}nnimann and
               John Iacono and
               Jyrki Katajainen and
               Pat Morin and
               Jason Morrison and
               Godfried T. Toussaint},
  title     = {Space-efficient planar convex hull algorithms},
  journal   = {Theor. Comput. Sci.},
  volume    = {321},
  number    = {1},
  pages     = {25--40},
  year      = {2004},
  url       = {https://doi.org/10.1016/j.tcs.2003.05.004},
  doi       = {10.1016/j.tcs.2003.05.004},
  timestamp = {Fri, 30 Nov 2018 00:00:00 +0100},
  biburl    = {https://dblp.org/rec/bib/journals/tcs/BronnimannIKMMT04},
  bibsource = {dblp computer science bibliography, https://dblp.org}
}

@inproceedings{DBLP:conf/compgeom/BoseDHILM04,
  author    = {Prosenjit Bose and
               Erik D. Demaine and
               Ferran Hurtado and
               John Iacono and
               Stefan Langerman and
               Pat Morin},
  title     = {Geodesic ham-sandwich cuts},
  booktitle = {Proceedings of the 20th {ACM} Symposium on Computational Geometry,
               Brooklyn, New York, USA, June 8-11, 2004},
  pages     = {1--9},
  year      = {2004},
  crossref  = {DBLP:conf/compgeom/2004},
  url       = {https://doi.org/10.1145/997817.997821},
  doi       = {10.1145/997817.997821},
  timestamp = {Tue, 06 Nov 2018 16:57:03 +0100},
  biburl    = {https://dblp.org/rec/bib/conf/compgeom/BoseDHILM04},
  bibsource = {dblp computer science bibliography, https://dblp.org}
}

@inproceedings{DBLP:conf/compgeom/DemaineEHILMOW04,
  author    = {Erik D. Demaine and
               Jeff Erickson and
               Ferran Hurtado and
               John Iacono and
               Stefan Langerman and
               Henk Meijer and
               Mark H. Overmars and
               Sue Whitesides},
  title     = {Separating point sets in polygonal environments},
  booktitle = {Proceedings of the 20th {ACM} Symposium on Computational Geometry,
               Brooklyn, New York, USA, June 8-11, 2004},
  pages     = {10--16},
  year      = {2004},
  crossref  = {DBLP:conf/compgeom/2004},
  url       = {https://doi.org/10.1145/997817.997822},
  doi       = {10.1145/997817.997822},
  timestamp = {Tue, 06 Nov 2018 16:57:03 +0100},
  biburl    = {https://dblp.org/rec/bib/conf/compgeom/DemaineEHILMOW04},
  bibsource = {dblp computer science bibliography, https://dblp.org}
}

@inproceedings{DBLP:conf/focs/DemaineHIP04,
  author    = {Erik D. Demaine and
               Dion Harmon and
               John Iacono and
               Mihai Patrascu},
  title     = {Dynamic Optimality - Almost},
  booktitle = {45th Symposium on Foundations of Computer Science {(FOCS} 2004), 17-19
               October 2004, Rome, Italy, Proceedings},
  pages     = {484--490},
  year      = {2004},
  crossref  = {DBLP:conf/focs/2004},
  url       = {https://doi.org/10.1109/FOCS.2004.23},
  doi       = {10.1109/FOCS.2004.23},
  timestamp = {Sun, 02 Jun 2019 01:00:00 +0200},
  biburl    = {https://dblp.org/rec/bib/conf/focs/DemaineHIP04},
  bibsource = {dblp computer science bibliography, https://dblp.org}
}

@inproceedings{DBLP:conf/jcdcg/DemaineIL04,
  author    = {Erik D. Demaine and
               John Iacono and
               Stefan Langerman},
  title     = {Grid Vertex-Unfolding Orthostacks},
  booktitle = {Discrete and Computational Geometry, Japanese Conference, {JCDCG}
               2004, Tokyo, Japan, October 8-11, 2004, Revised Selected Papers},
  pages     = {76--82},
  year      = {2004},
  crossref  = {DBLP:conf/jcdcg/2004},
  url       = {https://doi.org/10.1007/11589440\_8},
  doi       = {10.1007/11589440\_8},
  timestamp = {Tue, 14 May 2019 10:00:52 +0200},
  biburl    = {https://dblp.org/rec/bib/conf/jcdcg/DemaineIL04},
  bibsource = {dblp computer science bibliography, https://dblp.org}
}

@inproceedings{DBLP:conf/soda/DemaineIL04,
  author    = {Erik D. Demaine and
               John Iacono and
               Stefan Langerman},
  title     = {Retroactive data structures},
  booktitle = {Proceedings of the Fifteenth Annual {ACM-SIAM} Symposium on Discrete
               Algorithms, {SODA} 2004, New Orleans, Louisiana, USA, January 11-14,
               2004},
  pages     = {281--290},
  year      = {2004},
  crossref  = {DBLP:conf/soda/2004},
  url       = {http://dl.acm.org/citation.cfm?id=982792.982832},
  timestamp = {Fri, 07 Dec 2012 17:02:08 +0100},
  biburl    = {https://dblp.org/rec/bib/conf/soda/DemaineIL04},
  bibsource = {dblp computer science bibliography, https://dblp.org}
}

@article{DBLP:journals/corr/cs-DS-0410048,
  author    = {Erik D. Demaine and
               John Iacono and
               Stefan Langerman},
  title     = {Worst-Case Optimal Tree Layout in a Memory Hierarchy},
  journal   = {CoRR},
  volume    = {cs.DS/0410048},
  year      = {2004},
  url       = {http://arxiv.org/abs/cs.DS/0410048},
  timestamp = {Mon, 13 Aug 2018 01:00:00 +0200},
  biburl    = {https://dblp.org/rec/bib/journals/corr/cs-DS-0410048},
  bibsource = {dblp computer science bibliography, https://dblp.org}
}

@inproceedings{DBLP:conf/compgeom/IaconoL03,
  author    = {John Iacono and
               Stefan Langerman},
  title     = {Proximate planar point location},
  booktitle = {Proceedings of the 19th {ACM} Symposium on Computational Geometry,
               San Diego, CA, USA, June 8-10, 2003},
  pages     = {220--226},
  year      = {2003},
  crossref  = {DBLP:conf/compgeom/2003},
  url       = {https://doi.org/10.1145/777792.777826},
  doi       = {10.1145/777792.777826},
  timestamp = {Tue, 06 Nov 2018 16:57:04 +0100},
  biburl    = {https://dblp.org/rec/bib/conf/compgeom/IaconoL03},
  bibsource = {dblp computer science bibliography, https://dblp.org}
}

@inproceedings{DBLP:conf/compgeom/Iacono03,
  author    = {John Iacono},
  title     = {A 3-D visualization of kirkpatrick's planar point location algorithm},
  booktitle = {Proceedings of the 19th {ACM} Symposium on Computational Geometry,
               San Diego, CA, USA, June 8-10, 2003},
  pages     = {377},
  year      = {2003},
  crossref  = {DBLP:conf/compgeom/2003},
  url       = {https://doi.org/10.1145/777792.777851},
  doi       = {10.1145/777792.777851},
  timestamp = {Tue, 06 Nov 2018 16:57:04 +0100},
  biburl    = {https://dblp.org/rec/bib/conf/compgeom/Iacono03},
  bibsource = {dblp computer science bibliography, https://dblp.org}
}

@inproceedings{DBLP:conf/focs/BenderBFGHHIL03,
  author    = {Michael A. Bender and
               Gerth St{\o}lting Brodal and
               Rolf Fagerberg and
               Dongdong Ge and
               Simai He and
               Haodong Hu and
               John Iacono and
               Alejandro L{\'{o}}pez{-}Ortiz},
  title     = {The Cost of Cache-Oblivious Searching},
  booktitle = {44th Symposium on Foundations of Computer Science {(FOCS} 2003), 11-14
               October 2003, Cambridge, MA, USA, Proceedings},
  pages     = {271--282},
  year      = {2003},
  crossref  = {DBLP:conf/focs/2003},
  url       = {https://doi.org/10.1109/SFCS.2003.1238201},
  doi       = {10.1109/SFCS.2003.1238201},
  timestamp = {Fri, 19 May 2017 01:00:00 +0200},
  biburl    = {https://dblp.org/rec/bib/conf/focs/BenderBFGHHIL03},
  bibsource = {dblp computer science bibliography, https://dblp.org}
}

@inproceedings{DBLP:conf/wads/BremnerDEILMT03,
  author    = {David Bremner and
               Erik D. Demaine and
               Jeff Erickson and
               John Iacono and
               Stefan Langerman and
               Pat Morin and
               Godfried T. Toussaint},
  title     = {Output-Sensitive Algorithms for Computing Nearest-Neighbour Decision
               Boundaries},
  booktitle = {Algorithms and Data Structures, 8th International Workshop, {WADS}
               2003, Ottawa, Ontario, Canada, July 30 - August 1, 2003, Proceedings},
  pages     = {451--461},
  year      = {2003},
  crossref  = {DBLP:conf/wads/2003},
  url       = {https://doi.org/10.1007/978-3-540-45078-8\_39},
  doi       = {10.1007/978-3-540-45078-8\_39},
  timestamp = {Tue, 14 May 2019 10:00:50 +0200},
  biburl    = {https://dblp.org/rec/bib/conf/wads/BremnerDEILMT03},
  bibsource = {dblp computer science bibliography, https://dblp.org}
}

@inproceedings{DBLP:conf/cccg/DemaineIL02,
  author    = {Erik D. Demaine and
               John Iacono and
               Stefan Langerman},
  title     = {Proximate point searching},
  booktitle = {Proceedings of the 14th Canadian Conference on Computational Geometry,
               University of Lethbridge, Alberta, Canada, August 12-14, 2002},
  pages     = {1--4},
  year      = {2002},
  crossref  = {DBLP:conf/cccg/2002},
  url       = {http://www.cs.uleth.ca/\%7Ewismath/cccg/papers/22.ps},
  timestamp = {Wed, 26 Sep 2012 12:22:14 +0200},
  biburl    = {https://dblp.org/rec/bib/conf/cccg/DemaineIL02},
  bibsource = {dblp computer science bibliography, https://dblp.org}
}

@inproceedings{DBLP:conf/isaac/Iacono02,
  author    = {John Iacono},
  title     = {Key Independent Optimality},
  booktitle = {Algorithms and Computation, 13th International Symposium, {ISAAC}
               2002 Vancouver, BC, Canada, November 21-23, 2002, Proceedings},
  pages     = {25--31},
  year      = {2002},
  crossref  = {DBLP:conf/isaac/2002},
  url       = {https://doi.org/10.1007/3-540-36136-7\_3},
  doi       = {10.1007/3-540-36136-7\_3},
  timestamp = {Tue, 14 May 2019 10:00:50 +0200},
  biburl    = {https://dblp.org/rec/bib/conf/isaac/Iacono02},
  bibsource = {dblp computer science bibliography, https://dblp.org}
}

@inproceedings{DBLP:conf/isaac/IaconoL02,
  author    = {John Iacono and
               Stefan Langerman},
  title     = {Queaps},
  booktitle = {Algorithms and Computation, 13th International Symposium, {ISAAC}
               2002 Vancouver, BC, Canada, November 21-23, 2002, Proceedings},
  pages     = {211--218},
  year      = {2002},
  crossref  = {DBLP:conf/isaac/2002},
  url       = {https://doi.org/10.1007/3-540-36136-7\_19},
  doi       = {10.1007/3-540-36136-7\_19},
  timestamp = {Tue, 14 May 2019 10:00:50 +0200},
  biburl    = {https://dblp.org/rec/bib/conf/isaac/IaconoL02},
  bibsource = {dblp computer science bibliography, https://dblp.org}
}

@inproceedings{DBLP:conf/latin/BronnimannIKMMT02,
  author    = {Herv{\'{e}} Br{\"{o}}nnimann and
               John Iacono and
               Jyrki Katajainen and
               Pat Morin and
               Jason Morrison and
               Godfried T. Toussaint},
  title     = {In-Place Planar Convex Hull Algorithms},
  booktitle = {{LATIN} 2002: Theoretical Informatics, 5th Latin American Symposium,
               Cancun, Mexico, April 3-6, 2002, Proceedings},
  pages     = {494--507},
  year      = {2002},
  crossref  = {DBLP:conf/latin/2002},
  url       = {https://doi.org/10.1007/3-540-45995-2\_43},
  doi       = {10.1007/3-540-45995-2\_43},
  timestamp = {Tue, 14 May 2019 10:00:53 +0200},
  biburl    = {https://dblp.org/rec/bib/conf/latin/BronnimannIKMMT02},
  bibsource = {dblp computer science bibliography, https://dblp.org}
}

@inproceedings{DBLP:conf/soda/BenderDIW02,
  author    = {Michael A. Bender and
               Ziyang Duan and
               John Iacono and
               Jing Wu},
  title     = {A locality-preserving cache-oblivious dynamic dictionary},
  booktitle = {Proceedings of the Thirteenth Annual {ACM-SIAM} Symposium on Discrete
               Algorithms, January 6-8, 2002, San Francisco, CA, {USA.}},
  pages     = {29--38},
  year      = {2002},
  crossref  = {DBLP:conf/soda/2002},
  url       = {http://dl.acm.org/citation.cfm?id=545381.545385},
  timestamp = {Fri, 07 Dec 2012 17:02:08 +0100},
  biburl    = {https://dblp.org/rec/bib/conf/soda/BenderDIW02},
  bibsource = {dblp computer science bibliography, https://dblp.org}
}

@inproceedings{DBLP:conf/soda/Iacono01,
  author    = {John Iacono},
  title     = {Optimal planar point location},
  booktitle = {Proceedings of the Twelfth Annual Symposium on Discrete Algorithms,
               January 7-9, 2001, Washington, DC, {USA.}},
  pages     = {340--341},
  year      = {2001},
  crossref  = {DBLP:conf/soda/2001},
  url       = {http://dl.acm.org/citation.cfm?id=365411.365475},
  timestamp = {Fri, 07 Dec 2012 17:02:08 +0100},
  biburl    = {https://dblp.org/rec/bib/conf/soda/Iacono01},
  bibsource = {dblp computer science bibliography, https://dblp.org}
}

@inproceedings{DBLP:conf/soda/Iacono01a,
  author    = {John Iacono},
  title     = {Alternatives to splay trees with O(log n) worst-case access times},
  booktitle = {Proceedings of the Twelfth Annual Symposium on Discrete Algorithms,
               January 7-9, 2001, Washington, DC, {USA.}},
  pages     = {516--522},
  year      = {2001},
  crossref  = {DBLP:conf/soda/2001},
  url       = {http://dl.acm.org/citation.cfm?id=365411.365522},
  timestamp = {Fri, 07 Dec 2012 17:02:08 +0100},
  biburl    = {https://dblp.org/rec/bib/conf/soda/Iacono01a},
  bibsource = {dblp computer science bibliography, https://dblp.org}
}

@inproceedings{DBLP:conf/cccg/IaconoL00,
  author    = {John Iacono and
               Stefan Langerman},
  title     = {Dynamic point location in fat hyperrectangles with integer coordinates},
  booktitle = {Proceedings of the 12th Canadian Conference on Computational Geometry,
               Fredericton, New Brunswick, Canada, August 16-19, 2000},
  year      = {2000},
  crossref  = {DBLP:conf/cccg/2000},
  url       = {http://www.cccg.ca/proceedings/2000/30.ps.gz},
  timestamp = {Thu, 14 Nov 2013 00:00:00 +0100},
  biburl    = {https://dblp.org/rec/bib/conf/cccg/IaconoL00},
  bibsource = {dblp computer science bibliography, https://dblp.org}
}

@inproceedings{DBLP:conf/jcdcg/IaconoL00,
  author    = {John Iacono and
               Stefan Langerman},
  title     = {Volume Queries in Polyhedra},
  booktitle = {Discrete and Computational Geometry, Japanese Conference, {JCDCG}
               2000, Tokyo, Japan, November, 22-25, 2000, Revised Papers},
  pages     = {156--159},
  year      = {2000},
  crossref  = {DBLP:conf/jcdcg/2000},
  url       = {https://doi.org/10.1007/3-540-47738-1\_13},
  doi       = {10.1007/3-540-47738-1\_13},
  timestamp = {Tue, 14 May 2019 10:00:52 +0200},
  biburl    = {https://dblp.org/rec/bib/conf/jcdcg/IaconoL00},
  bibsource = {dblp computer science bibliography, https://dblp.org}
}

@inproceedings{DBLP:conf/swat/Iacono00,
  author    = {John Iacono},
  title     = {Improved Upper Bounds for Pairing Heaps},
  booktitle = {Algorithm Theory - {SWAT} 2000, 7th Scandinavian Workshop on Algorithm
               Theory, Bergen, Norway, July 5-7, 2000, Proceedings},
  pages     = {32--45},
  year      = {2000},
  crossref  = {DBLP:conf/swat/2000},
  url       = {https://doi.org/10.1007/3-540-44985-X\_5},
  doi       = {10.1007/3-540-44985-X\_5},
  timestamp = {Sun, 02 Jun 2019 21:15:18 +0200},
  biburl    = {https://dblp.org/rec/bib/conf/swat/Iacono00},
  bibsource = {dblp computer science bibliography, https://dblp.org}
}

@proceedings{DBLP:conf/csr/2019,
  editor    = {Ren{\'{e}} van Bevern and
               Gregory Kucherov},
  title     = {Computer Science - Theory and Applications - 14th International Computer
               Science Symposium in Russia, {CSR} 2019, Novosibirsk, Russia, July
               1-5, 2019, Proceedings},
  series    = {Lecture Notes in Computer Science},
  volume    = {11532},
  publisher = {Springer},
  year      = {2019},
  url       = {https://doi.org/10.1007/978-3-030-19955-5},
  doi       = {10.1007/978-3-030-19955-5},
  isbn      = {978-3-030-19954-8},
  timestamp = {Tue, 25 Jun 2019 14:30:35 +0200},
  biburl    = {https://dblp.org/rec/bib/conf/csr/2019},
  bibsource = {dblp computer science bibliography, https://dblp.org}
}

@proceedings{DBLP:conf/cccg/2018,
  editor    = {Stephane Durocher and
               Shahin Kamali},
  title     = {Proceedings of the 30th Canadian Conference on Computational Geometry,
               {CCCG} 2018, August 8-10, 2018, University of Manitoba, Winnipeg,
               Manitoba, Canada},
  year      = {2018},
  url       = {http://www.cs.umanitoba.ca/\%7Ecccg2018/papers/proceedings.pdf},
  timestamp = {Thu, 13 Dec 2018 12:45:03 +0100},
  biburl    = {https://dblp.org/rec/bib/conf/cccg/2018},
  bibsource = {dblp computer science bibliography, https://dblp.org}
}

@proceedings{DBLP:conf/compgeom/2018,
  editor    = {Bettina Speckmann and
               Csaba D. T{\'{o}}th},
  title     = {34th International Symposium on Computational Geometry, SoCG 2018,
               June 11-14, 2018, Budapest, Hungary},
  series    = {LIPIcs},
  volume    = {99},
  publisher = {Schloss Dagstuhl - Leibniz-Zentrum fuer Informatik},
  year      = {2018},
  url       = {http://www.dagstuhl.de/dagpub/978-3-95977-066-8},
  isbn      = {978-3-95977-066-8},
  timestamp = {Thu, 02 May 2019 17:40:15 +0200},
  biburl    = {https://dblp.org/rec/bib/conf/compgeom/2018},
  bibsource = {dblp computer science bibliography, https://dblp.org}
}

@proceedings{DBLP:conf/esa/2018,
  editor    = {Yossi Azar and
               Hannah Bast and
               Grzegorz Herman},
  title     = {26th Annual European Symposium on Algorithms, {ESA} 2018, August 20-22,
               2018, Helsinki, Finland},
  series    = {LIPIcs},
  volume    = {112},
  publisher = {Schloss Dagstuhl - Leibniz-Zentrum fuer Informatik},
  year      = {2018},
  url       = {http://www.dagstuhl.de/dagpub/978-3-95977-081-1},
  isbn      = {978-3-95977-081-1},
  timestamp = {Thu, 02 May 2019 17:40:11 +0200},
  biburl    = {https://dblp.org/rec/bib/conf/esa/2018},
  bibsource = {dblp computer science bibliography, https://dblp.org}
}

@proceedings{DBLP:conf/ics/2018,
  title     = {Proceedings of the 32nd International Conference on Supercomputing,
               {ICS} 2018, Beijing, China, June 12-15, 2018},
  publisher = {{ACM}},
  year      = {2018},
  url       = {http://dl.acm.org/citation.cfm?id=3205289},
  isbn      = {978-1-4503-5783-8},
  timestamp = {Fri, 14 Sep 2018 16:08:07 +0200},
  biburl    = {https://dblp.org/rec/bib/conf/ics/2018},
  bibsource = {dblp computer science bibliography, https://dblp.org}
}

@proceedings{DBLP:conf/cccg/2017,
  editor    = {Joachim Gudmundsson and
               Michiel H. M. Smid},
  title     = {Proceedings of the 29th Canadian Conference on Computational Geometry,
               {CCCG} 2017, July 26-28, 2017, Carleton University, Ottawa, Ontario,
               Canada},
  year      = {2017},
  url       = {http://2017.cccg.ca/proceedings/CCCG2017.pdf},
  timestamp = {Mon, 11 Dec 2017 18:58:02 +0100},
  biburl    = {https://dblp.org/rec/bib/conf/cccg/2017},
  bibsource = {dblp computer science bibliography, https://dblp.org}
}

@proceedings{DBLP:conf/compgeom/2017,
  editor    = {Boris Aronov and
               Matthew J. Katz},
  title     = {33rd International Symposium on Computational Geometry, SoCG 2017,
               July 4-7, 2017, Brisbane, Australia},
  series    = {LIPIcs},
  volume    = {77},
  publisher = {Schloss Dagstuhl - Leibniz-Zentrum fuer Informatik},
  year      = {2017},
  url       = {http://www.dagstuhl.de/dagpub/978-3-95977-038-5},
  isbn      = {978-3-95977-038-5},
  timestamp = {Thu, 02 May 2019 17:40:15 +0200},
  biburl    = {https://dblp.org/rec/bib/conf/compgeom/2017},
  bibsource = {dblp computer science bibliography, https://dblp.org}
}

@proceedings{DBLP:conf/wads/2017,
  editor    = {Faith Ellen and
               Antonina Kolokolova and
               J{\"{o}}rg{-}R{\"{u}}diger Sack},
  title     = {Algorithms and Data Structures - 15th International Symposium, {WADS}
               2017, St. John's, NL, Canada, July 31 - August 2, 2017, Proceedings},
  series    = {Lecture Notes in Computer Science},
  volume    = {10389},
  publisher = {Springer},
  year      = {2017},
  url       = {https://doi.org/10.1007/978-3-319-62127-2},
  doi       = {10.1007/978-3-319-62127-2},
  isbn      = {978-3-319-62126-5},
  timestamp = {Tue, 14 May 2019 10:00:50 +0200},
  biburl    = {https://dblp.org/rec/bib/conf/wads/2017},
  bibsource = {dblp computer science bibliography, https://dblp.org}
}

@proceedings{DBLP:conf/cocoa/2016,
  editor    = {T.{-}H. Hubert Chan and
               Minming Li and
               Lusheng Wang},
  title     = {Combinatorial Optimization and Applications - 10th International Conference,
               {COCOA} 2016, Hong Kong, China, December 16-18, 2016, Proceedings},
  series    = {Lecture Notes in Computer Science},
  volume    = {10043},
  publisher = {Springer},
  year      = {2016},
  url       = {https://doi.org/10.1007/978-3-319-48749-6},
  doi       = {10.1007/978-3-319-48749-6},
  isbn      = {978-3-319-48748-9},
  timestamp = {Tue, 14 May 2019 10:00:53 +0200},
  biburl    = {https://dblp.org/rec/bib/conf/cocoa/2016},
  bibsource = {dblp computer science bibliography, https://dblp.org}
}

@proceedings{DBLP:conf/compgeom/2016,
  editor    = {S{\'{a}}ndor P. Fekete and
               Anna Lubiw},
  title     = {32nd International Symposium on Computational Geometry, SoCG 2016,
               June 14-18, 2016, Boston, MA, {USA}},
  series    = {LIPIcs},
  volume    = {51},
  publisher = {Schloss Dagstuhl - Leibniz-Zentrum fuer Informatik},
  year      = {2016},
  url       = {http://www.dagstuhl.de/dagpub/978-3-95977-009-5},
  isbn      = {978-3-95977-009-5},
  timestamp = {Thu, 02 May 2019 17:40:15 +0200},
  biburl    = {https://dblp.org/rec/bib/conf/compgeom/2016},
  bibsource = {dblp computer science bibliography, https://dblp.org}
}

@proceedings{DBLP:conf/esa/2016,
  editor    = {Piotr Sankowski and
               Christos D. Zaroliagis},
  title     = {24th Annual European Symposium on Algorithms, {ESA} 2016, August 22-24,
               2016, Aarhus, Denmark},
  series    = {LIPIcs},
  volume    = {57},
  publisher = {Schloss Dagstuhl - Leibniz-Zentrum fuer Informatik},
  year      = {2016},
  url       = {http://drops.dagstuhl.de/opus/portals/lipics/index.php?semnr=16013},
  isbn      = {978-3-95977-015-6},
  timestamp = {Thu, 02 May 2019 17:40:11 +0200},
  biburl    = {https://dblp.org/rec/bib/conf/esa/2016},
  bibsource = {dblp computer science bibliography, https://dblp.org}
}

@proceedings{DBLP:conf/soda/2016,
  editor    = {Robert Krauthgamer},
  title     = {Proceedings of the Twenty-Seventh Annual {ACM-SIAM} Symposium on Discrete
               Algorithms, {SODA} 2016, Arlington, VA, USA, January 10-12, 2016},
  publisher = {{SIAM}},
  year      = {2016},
  url       = {https://doi.org/10.1137/1.9781611974331},
  doi       = {10.1137/1.9781611974331},
  isbn      = {978-1-61197-433-1},
  timestamp = {Wed, 24 May 2017 08:31:21 +0200},
  biburl    = {https://dblp.org/rec/bib/conf/soda/2016},
  bibsource = {dblp computer science bibliography, https://dblp.org}
}

@proceedings{DBLP:conf/cpm/2015,
  editor    = {Ferdinando Cicalese and
               Ely Porat and
               Ugo Vaccaro},
  title     = {Combinatorial Pattern Matching - 26th Annual Symposium, {CPM} 2015,
               Ischia Island, Italy, June 29 - July 1, 2015, Proceedings},
  series    = {Lecture Notes in Computer Science},
  volume    = {9133},
  publisher = {Springer},
  year      = {2015},
  url       = {https://doi.org/10.1007/978-3-319-19929-0},
  doi       = {10.1007/978-3-319-19929-0},
  isbn      = {978-3-319-19928-3},
  timestamp = {Tue, 14 May 2019 10:00:38 +0200},
  biburl    = {https://dblp.org/rec/bib/conf/cpm/2015},
  bibsource = {dblp computer science bibliography, https://dblp.org}
}

@proceedings{DBLP:conf/esa/2014,
  editor    = {Andreas S. Schulz and
               Dorothea Wagner},
  title     = {Algorithms - {ESA} 2014 - 22th Annual European Symposium, Wroclaw,
               Poland, September 8-10, 2014. Proceedings},
  series    = {Lecture Notes in Computer Science},
  volume    = {8737},
  publisher = {Springer},
  year      = {2014},
  url       = {https://doi.org/10.1007/978-3-662-44777-2},
  doi       = {10.1007/978-3-662-44777-2},
  isbn      = {978-3-662-44776-5},
  timestamp = {Tue, 14 May 2019 10:00:54 +0200},
  biburl    = {https://dblp.org/rec/bib/conf/esa/2014},
  bibsource = {dblp computer science bibliography, https://dblp.org}
}

@proceedings{DBLP:conf/icalp/2014-1,
  editor    = {Javier Esparza and
               Pierre Fraigniaud and
               Thore Husfeldt and
               Elias Koutsoupias},
  title     = {Automata, Languages, and Programming - 41st International Colloquium,
               {ICALP} 2014, Copenhagen, Denmark, July 8-11, 2014, Proceedings, Part
               {I}},
  series    = {Lecture Notes in Computer Science},
  volume    = {8572},
  publisher = {Springer},
  year      = {2014},
  url       = {https://doi.org/10.1007/978-3-662-43948-7},
  doi       = {10.1007/978-3-662-43948-7},
  isbn      = {978-3-662-43947-0},
  timestamp = {Tue, 14 May 2019 10:00:44 +0200},
  biburl    = {https://dblp.org/rec/bib/conf/icalp/2014-1},
  bibsource = {dblp computer science bibliography, https://dblp.org}
}

@proceedings{DBLP:conf/isaac/2014,
  editor    = {Hee{-}Kap Ahn and
               Chan{-}Su Shin},
  title     = {Algorithms and Computation - 25th International Symposium, {ISAAC}
               2014, Jeonju, Korea, December 15-17, 2014, Proceedings},
  series    = {Lecture Notes in Computer Science},
  volume    = {8889},
  publisher = {Springer},
  year      = {2014},
  url       = {https://doi.org/10.1007/978-3-319-13075-0},
  doi       = {10.1007/978-3-319-13075-0},
  isbn      = {978-3-319-13074-3},
  timestamp = {Tue, 14 May 2019 10:00:50 +0200},
  biburl    = {https://dblp.org/rec/bib/conf/isaac/2014},
  bibsource = {dblp computer science bibliography, https://dblp.org}
}

@proceedings{DBLP:conf/soda/2014,
  editor    = {Chandra Chekuri},
  title     = {Proceedings of the Twenty-Fifth Annual {ACM-SIAM} Symposium on Discrete
               Algorithms, {SODA} 2014, Portland, Oregon, USA, January 5-7, 2014},
  publisher = {{SIAM}},
  year      = {2014},
  url       = {https://doi.org/10.1137/1.9781611973402},
  doi       = {10.1137/1.9781611973402},
  isbn      = {978-1-61197-338-9},
  timestamp = {Wed, 24 May 2017 08:31:21 +0200},
  biburl    = {https://dblp.org/rec/bib/conf/soda/2014},
  bibsource = {dblp computer science bibliography, https://dblp.org}
}

@proceedings{DBLP:conf/birthday/2013munro,
  editor    = {Andrej Brodnik and
               Alejandro L{\'{o}}pez{-}Ortiz and
               Venkatesh Raman and
               Alfredo Viola},
  title     = {Space-Efficient Data Structures, Streams, and Algorithms - Papers
               in Honor of J. Ian Munro on the Occasion of His 66th Birthday},
  series    = {Lecture Notes in Computer Science},
  volume    = {8066},
  publisher = {Springer},
  year      = {2013},
  url       = {https://doi.org/10.1007/978-3-642-40273-9},
  doi       = {10.1007/978-3-642-40273-9},
  isbn      = {978-3-642-40272-2},
  timestamp = {Tue, 14 May 2019 10:00:52 +0200},
  biburl    = {https://dblp.org/rec/bib/conf/birthday/2013munro},
  bibsource = {dblp computer science bibliography, https://dblp.org}
}

@proceedings{DBLP:conf/cccg/2013,
  title     = {Proceedings of the 25th Canadian Conference on Computational Geometry,
               {CCCG} 2013, Waterloo, Ontario, Canada, August 8-10, 2013},
  publisher = {Carleton University, Ottawa, Canada},
  year      = {2013},
  url       = {http://cccg.ca/proceedings/2013/},
  timestamp = {Thu, 14 Nov 2013 17:30:48 +0100},
  biburl    = {https://dblp.org/rec/bib/conf/cccg/2013},
  bibsource = {dblp computer science bibliography, https://dblp.org}
}

@proceedings{DBLP:conf/esa/2013,
  editor    = {Hans L. Bodlaender and
               Giuseppe F. Italiano},
  title     = {Algorithms - {ESA} 2013 - 21st Annual European Symposium, Sophia Antipolis,
               France, September 2-4, 2013. Proceedings},
  series    = {Lecture Notes in Computer Science},
  volume    = {8125},
  publisher = {Springer},
  year      = {2013},
  url       = {https://doi.org/10.1007/978-3-642-40450-4},
  doi       = {10.1007/978-3-642-40450-4},
  isbn      = {978-3-642-40449-8},
  timestamp = {Tue, 14 May 2019 10:00:54 +0200},
  biburl    = {https://dblp.org/rec/bib/conf/esa/2013},
  bibsource = {dblp computer science bibliography, https://dblp.org}
}

@proceedings{DBLP:conf/icalp/2013-1,
  editor    = {Fedor V. Fomin and
               Rusins Freivalds and
               Marta Z. Kwiatkowska and
               David Peleg},
  title     = {Automata, Languages, and Programming - 40th International Colloquium,
               {ICALP} 2013, Riga, Latvia, July 8-12, 2013, Proceedings, Part {I}},
  series    = {Lecture Notes in Computer Science},
  volume    = {7965},
  publisher = {Springer},
  year      = {2013},
  url       = {https://doi.org/10.1007/978-3-642-39206-1},
  doi       = {10.1007/978-3-642-39206-1},
  isbn      = {978-3-642-39205-4},
  timestamp = {Tue, 14 May 2019 10:00:44 +0200},
  biburl    = {https://dblp.org/rec/bib/conf/icalp/2013-1},
  bibsource = {dblp computer science bibliography, https://dblp.org}
}

@proceedings{DBLP:conf/soda/2012,
  editor    = {Yuval Rabani},
  title     = {Proceedings of the Twenty-Third Annual {ACM-SIAM} Symposium on Discrete
               Algorithms, {SODA} 2012, Kyoto, Japan, January 17-19, 2012},
  publisher = {{SIAM}},
  year      = {2012},
  url       = {https://doi.org/10.1137/1.9781611973099},
  doi       = {10.1137/1.9781611973099},
  isbn      = {978-1-61197-210-8},
  timestamp = {Wed, 29 May 2019 08:53:20 +0200},
  biburl    = {https://dblp.org/rec/bib/conf/soda/2012},
  bibsource = {dblp computer science bibliography, https://dblp.org}
}

@proceedings{DBLP:conf/compgeom/2011,
  editor    = {Ferran Hurtado and
               Marc J. van Kreveld},
  title     = {Proceedings of the 27th {ACM} Symposium on Computational Geometry,
               Paris, France, June 13-15, 2011},
  publisher = {{ACM}},
  year      = {2011},
  url       = {https://doi.org/10.1145/1998196},
  doi       = {10.1145/1998196},
  isbn      = {978-1-4503-0682-9},
  timestamp = {Tue, 06 Nov 2018 16:57:04 +0100},
  biburl    = {https://dblp.org/rec/bib/conf/compgeom/2011},
  bibsource = {dblp computer science bibliography, https://dblp.org}
}

@proceedings{DBLP:conf/isaac/2011,
  editor    = {Takao Asano and
               Shin{-}Ichi Nakano and
               Yoshio Okamoto and
               Osamu Watanabe},
  title     = {Algorithms and Computation - 22nd International Symposium, {ISAAC}
               2011, Yokohama, Japan, December 5-8, 2011. Proceedings},
  series    = {Lecture Notes in Computer Science},
  volume    = {7074},
  publisher = {Springer},
  year      = {2011},
  url       = {https://doi.org/10.1007/978-3-642-25591-5},
  doi       = {10.1007/978-3-642-25591-5},
  isbn      = {978-3-642-25590-8},
  timestamp = {Tue, 14 May 2019 10:00:50 +0200},
  biburl    = {https://dblp.org/rec/bib/conf/isaac/2011},
  bibsource = {dblp computer science bibliography, https://dblp.org}
}

@proceedings{DBLP:conf/iwoca/2011,
  editor    = {Costas S. Iliopoulos and
               William F. Smyth},
  title     = {Combinatorial Algorithms - 22nd International Workshop, {IWOCA} 2011,
               Victoria, BC, Canada, July 20-22, 2011, Revised Selected Papers},
  series    = {Lecture Notes in Computer Science},
  volume    = {7056},
  publisher = {Springer},
  year      = {2011},
  url       = {https://doi.org/10.1007/978-3-642-25011-8},
  doi       = {10.1007/978-3-642-25011-8},
  isbn      = {978-3-642-25010-1},
  timestamp = {Tue, 14 May 2019 10:00:53 +0200},
  biburl    = {https://dblp.org/rec/bib/conf/iwoca/2011},
  bibsource = {dblp computer science bibliography, https://dblp.org}
}

@proceedings{DBLP:conf/s-egc/2011,
  editor    = {Alberto M{\'{a}}rquez and
               Pedro Ramos and
               Jorge Urrutia},
  title     = {Computational Geometry - {XIV} Spanish Meeting on Computational Geometry,
               {EGC} 2011, Dedicated to Ferran Hurtado on the Occasion of His 60th
               Birthday, Alcal{\'{a}} de Henares, Spain, June 27-30, 2011, Revised
               Selected Papers},
  series    = {Lecture Notes in Computer Science},
  volume    = {7579},
  publisher = {Springer},
  year      = {2012},
  url       = {https://doi.org/10.1007/978-3-642-34191-5},
  doi       = {10.1007/978-3-642-34191-5},
  isbn      = {978-3-642-34190-8},
  timestamp = {Tue, 14 May 2019 10:00:51 +0200},
  biburl    = {https://dblp.org/rec/bib/conf/s-egc/2011},
  bibsource = {dblp computer science bibliography, https://dblp.org}
}

@proceedings{DBLP:conf/cccg/2010,
  title     = {Proceedings of the 22nd Annual Canadian Conference on Computational
               Geometry, Winnipeg, Manitoba, Canada, August 9-11, 2010},
  year      = {2010},
  timestamp = {Fri, 03 Sep 2010 08:02:53 +0200},
  biburl    = {https://dblp.org/rec/bib/conf/cccg/2010},
  bibsource = {dblp computer science bibliography, https://dblp.org}
}

@proceedings{DBLP:conf/cgga/2010,
  editor    = {Jin Akiyama and
               Bo Jiang and
               Mikio Kano and
               Xuehou Tan},
  title     = {Computational Geometry, Graphs and Applications - 9th International
               Conference, {CGGA} 2010, Dalian, China, November 3-6, 2010, Revised
               Selected Papers},
  series    = {Lecture Notes in Computer Science},
  volume    = {7033},
  publisher = {Springer},
  year      = {2011},
  url       = {https://doi.org/10.1007/978-3-642-24983-9},
  doi       = {10.1007/978-3-642-24983-9},
  isbn      = {978-3-642-24982-2},
  timestamp = {Tue, 14 May 2019 10:00:36 +0200},
  biburl    = {https://dblp.org/rec/bib/conf/cgga/2010},
  bibsource = {dblp computer science bibliography, https://dblp.org}
}

@proceedings{DBLP:conf/cocoa/2010-2,
  editor    = {Weili Wu and
               Ovidiu Daescu},
  title     = {Combinatorial Optimization and Applications - 4th International Conference,
               {COCOA} 2010, Kailua-Kona, HI, USA, December 18-20, 2010, Proceedings,
               Part {II}},
  series    = {Lecture Notes in Computer Science},
  volume    = {6509},
  publisher = {Springer},
  year      = {2010},
  url       = {https://doi.org/10.1007/978-3-642-17461-2},
  doi       = {10.1007/978-3-642-17461-2},
  isbn      = {978-3-642-17460-5},
  timestamp = {Tue, 14 May 2019 10:00:52 +0200},
  biburl    = {https://dblp.org/rec/bib/conf/cocoa/2010-2},
  bibsource = {dblp computer science bibliography, https://dblp.org}
}

@proceedings{DBLP:conf/icalp/2010-1,
  editor    = {Samson Abramsky and
               Cyril Gavoille and
               Claude Kirchner and
               Friedhelm {Meyer auf der Heide} and
               Paul G. Spirakis},
  title     = {Automata, Languages and Programming, 37th International Colloquium,
               {ICALP} 2010, Bordeaux, France, July 6-10, 2010, Proceedings, Part
               {I}},
  series    = {Lecture Notes in Computer Science},
  volume    = {6198},
  publisher = {Springer},
  year      = {2010},
  url       = {https://doi.org/10.1007/978-3-642-14165-2},
  doi       = {10.1007/978-3-642-14165-2},
  isbn      = {978-3-642-14164-5},
  timestamp = {Tue, 14 May 2019 10:00:44 +0200},
  biburl    = {https://dblp.org/rec/bib/conf/icalp/2010-1},
  bibsource = {dblp computer science bibliography, https://dblp.org}
}

@proceedings{DBLP:conf/isaac/2010-1,
  editor    = {Otfried Cheong and
               Kyung{-}Yong Chwa and
               Kunsoo Park},
  title     = {Algorithms and Computation - 21st International Symposium, {ISAAC}
               2010, Jeju Island, Korea, December 15-17, 2010, Proceedings, Part
               {I}},
  series    = {Lecture Notes in Computer Science},
  volume    = {6506},
  publisher = {Springer},
  year      = {2010},
  url       = {https://doi.org/10.1007/978-3-642-17517-6},
  doi       = {10.1007/978-3-642-17517-6},
  isbn      = {978-3-642-17516-9},
  timestamp = {Tue, 14 May 2019 10:00:50 +0200},
  biburl    = {https://dblp.org/rec/bib/conf/isaac/2010-1},
  bibsource = {dblp computer science bibliography, https://dblp.org}
}

@proceedings{DBLP:conf/soda/2010,
  editor    = {Moses Charikar},
  title     = {Proceedings of the Twenty-First Annual {ACM-SIAM} Symposium on Discrete
               Algorithms, {SODA} 2010, Austin, Texas, USA, January 17-19, 2010},
  publisher = {{SIAM}},
  year      = {2010},
  url       = {https://doi.org/10.1137/1.9781611973075},
  doi       = {10.1137/1.9781611973075},
  isbn      = {978-0-89871-701-3},
  timestamp = {Wed, 24 May 2017 08:31:21 +0200},
  biburl    = {https://dblp.org/rec/bib/conf/soda/2010},
  bibsource = {dblp computer science bibliography, https://dblp.org}
}

@proceedings{DBLP:conf/dagstuhl/2010P10091,
  editor    = {Lars Arge and
               Erik D. Demaine and
               Raimund Seidel},
  title     = {Data Structures, 28.02. - 05.03.2010},
  series    = {Dagstuhl Seminar Proceedings},
  volume    = {10091},
  publisher = {Schloss Dagstuhl - Leibniz-Zentrum f{\"{u}}r Informatik, Germany},
  year      = {2010},
  url       = {http://drops.dagstuhl.de/portals/10091/},
  timestamp = {Thu, 09 Apr 2015 13:25:43 +0200},
  biburl    = {https://dblp.org/rec/bib/conf/dagstuhl/2010P10091},
  bibsource = {dblp computer science bibliography, https://dblp.org}
}

@proceedings{DBLP:conf/cccg/2009,
  title     = {Proceedings of the 21st Annual Canadian Conference on Computational
               Geometry, Vancouver, British Columbia, Canada, August 17-19, 2009},
  year      = {2009},
  timestamp = {Fri, 03 Sep 2010 08:48:18 +0200},
  biburl    = {https://dblp.org/rec/bib/conf/cccg/2009},
  bibsource = {dblp computer science bibliography, https://dblp.org}
}

@proceedings{DBLP:conf/ecmr/2009,
  editor    = {Ivan Petrovic and
               Achim J. Lilienthal},
  title     = {Proceedings of the 4th European Conference on Mobile Robots, ECMR'09,
               September 23-25, 2009, Mlini/Dubrovnik, Croatia},
  publisher = {KoREMA},
  year      = {2009},
  isbn      = {978-953-6037-54-4},
  timestamp = {Mon, 29 Aug 2011 07:53:55 +0200},
  biburl    = {https://dblp.org/rec/bib/conf/ecmr/2009},
  bibsource = {dblp computer science bibliography, https://dblp.org}
}

@proceedings{DBLP:conf/soda/2009,
  editor    = {Claire Mathieu},
  title     = {Proceedings of the Twentieth Annual {ACM-SIAM} Symposium on Discrete
               Algorithms, {SODA} 2009, New York, NY, USA, January 4-6, 2009},
  publisher = {{SIAM}},
  year      = {2009},
  url       = {https://doi.org/10.1137/1.9781611973068},
  doi       = {10.1137/1.9781611973068},
  isbn      = {978-0-89871-680-1},
  timestamp = {Wed, 24 May 2017 08:31:21 +0200},
  biburl    = {https://dblp.org/rec/bib/conf/soda/2009},
  bibsource = {dblp computer science bibliography, https://dblp.org}
}

@proceedings{DBLP:conf/wads/2009,
  editor    = {Frank K. H. A. Dehne and
               Marina L. Gavrilova and
               J{\"{o}}rg{-}R{\"{u}}diger Sack and
               Csaba D. T{\'{o}}th},
  title     = {Algorithms and Data Structures, 11th International Symposium, {WADS}
               2009, Banff, Canada, August 21-23, 2009. Proceedings},
  series    = {Lecture Notes in Computer Science},
  volume    = {5664},
  publisher = {Springer},
  year      = {2009},
  url       = {https://doi.org/10.1007/978-3-642-03367-4},
  doi       = {10.1007/978-3-642-03367-4},
  isbn      = {978-3-642-03366-7},
  timestamp = {Tue, 14 May 2019 10:00:50 +0200},
  biburl    = {https://dblp.org/rec/bib/conf/wads/2009},
  bibsource = {dblp computer science bibliography, https://dblp.org}
}

@proceedings{DBLP:conf/cccg/2008,
  title     = {Proceedings of the 20th Annual Canadian Conference on Computational
               Geometry, Montr{\'{e}}al, Canada, August 13-15, 2008},
  year      = {2008},
  timestamp = {Wed, 26 Sep 2012 12:22:14 +0200},
  biburl    = {https://dblp.org/rec/bib/conf/cccg/2008},
  bibsource = {dblp computer science bibliography, https://dblp.org}
}

@proceedings{DBLP:conf/soda/2008,
  editor    = {Shang{-}Hua Teng},
  title     = {Proceedings of the Nineteenth Annual {ACM-SIAM} Symposium on Discrete
               Algorithms, {SODA} 2008, San Francisco, California, USA, January 20-22,
               2008},
  publisher = {{SIAM}},
  year      = {2008},
  url       = {http://dl.acm.org/citation.cfm?id=1347082},
  timestamp = {Fri, 07 Dec 2012 17:02:08 +0100},
  biburl    = {https://dblp.org/rec/bib/conf/soda/2008},
  bibsource = {dblp computer science bibliography, https://dblp.org}
}

@proceedings{DBLP:conf/cccg/2006,
  title     = {Proceedings of the 18th Annual Canadian Conference on Computational
               Geometry, {CCCG} 2006, August 14-16, 2006, Queen's University, Ontario,
               Canada},
  year      = {2006},
  timestamp = {Tue, 04 Sep 2007 14:51:10 +0200},
  biburl    = {https://dblp.org/rec/bib/conf/cccg/2006},
  bibsource = {dblp computer science bibliography, https://dblp.org}
}

@proceedings{DBLP:conf/esa/2006,
  editor    = {Yossi Azar and
               Thomas Erlebach},
  title     = {Algorithms - {ESA} 2006, 14th Annual European Symposium, Zurich, Switzerland,
               September 11-13, 2006, Proceedings},
  series    = {Lecture Notes in Computer Science},
  volume    = {4168},
  publisher = {Springer},
  year      = {2006},
  url       = {https://doi.org/10.1007/11841036},
  doi       = {10.1007/11841036},
  isbn      = {3-540-38875-3},
  timestamp = {Tue, 14 May 2019 10:00:54 +0200},
  biburl    = {https://dblp.org/rec/bib/conf/esa/2006},
  bibsource = {dblp computer science bibliography, https://dblp.org}
}

@proceedings{DBLP:conf/latin/2006,
  editor    = {Jos{\'{e}} R. Correa and
               Alejandro Hevia and
               Marcos A. Kiwi},
  title     = {{LATIN} 2006: Theoretical Informatics, 7th Latin American Symposium,
               Valdivia, Chile, March 20-24, 2006, Proceedings},
  series    = {Lecture Notes in Computer Science},
  volume    = {3887},
  publisher = {Springer},
  year      = {2006},
  url       = {https://doi.org/10.1007/11682462},
  doi       = {10.1007/11682462},
  isbn      = {3-540-32755-X},
  timestamp = {Tue, 14 May 2019 10:00:53 +0200},
  biburl    = {https://dblp.org/rec/bib/conf/latin/2006},
  bibsource = {dblp computer science bibliography, https://dblp.org}
}

@proceedings{DBLP:conf/compgeom/2004,
  editor    = {Jack Snoeyink and
               Jean{-}Daniel Boissonnat},
  title     = {Proceedings of the 20th {ACM} Symposium on Computational Geometry,
               Brooklyn, New York, USA, June 8-11, 2004},
  publisher = {{ACM}},
  year      = {2004},
  url       = {https://doi.org/10.1145/997817},
  doi       = {10.1145/997817},
  isbn      = {1-58113-885-7},
  timestamp = {Tue, 06 Nov 2018 16:57:03 +0100},
  biburl    = {https://dblp.org/rec/bib/conf/compgeom/2004},
  bibsource = {dblp computer science bibliography, https://dblp.org}
}

@proceedings{DBLP:conf/focs/2004,
  title     = {45th Symposium on Foundations of Computer Science {(FOCS} 2004), 17-19
               October 2004, Rome, Italy, Proceedings},
  publisher = {{IEEE} Computer Society},
  year      = {2004},
  url       = {http://ieeexplore.ieee.org/xpl/mostRecentIssue.jsp?punumber=9430},
  isbn      = {0-7695-2228-9},
  timestamp = {Mon, 15 Dec 2014 18:48:44 +0100},
  biburl    = {https://dblp.org/rec/bib/conf/focs/2004},
  bibsource = {dblp computer science bibliography, https://dblp.org}
}

@proceedings{DBLP:conf/jcdcg/2004,
  editor    = {Jin Akiyama and
               Mikio Kano and
               Xuehou Tan},
  title     = {Discrete and Computational Geometry, Japanese Conference, {JCDCG}
               2004, Tokyo, Japan, October 8-11, 2004, Revised Selected Papers},
  series    = {Lecture Notes in Computer Science},
  volume    = {3742},
  publisher = {Springer},
  year      = {2005},
  url       = {https://doi.org/10.1007/11589440},
  doi       = {10.1007/11589440},
  isbn      = {3-540-30467-3},
  timestamp = {Tue, 14 May 2019 10:00:52 +0200},
  biburl    = {https://dblp.org/rec/bib/conf/jcdcg/2004},
  bibsource = {dblp computer science bibliography, https://dblp.org}
}

@proceedings{DBLP:conf/soda/2004,
  editor    = {J. Ian Munro},
  title     = {Proceedings of the Fifteenth Annual {ACM-SIAM} Symposium on Discrete
               Algorithms, {SODA} 2004, New Orleans, Louisiana, USA, January 11-14,
               2004},
  publisher = {{SIAM}},
  year      = {2004},
  url       = {http://dl.acm.org/citation.cfm?id=982792},
  isbn      = {0-89871-558-X},
  timestamp = {Fri, 07 Dec 2012 17:02:08 +0100},
  biburl    = {https://dblp.org/rec/bib/conf/soda/2004},
  bibsource = {dblp computer science bibliography, https://dblp.org}
}

@proceedings{DBLP:conf/compgeom/2003,
  editor    = {Steven Fortune},
  title     = {Proceedings of the 19th {ACM} Symposium on Computational Geometry,
               San Diego, CA, USA, June 8-10, 2003},
  publisher = {{ACM}},
  year      = {2003},
  url       = {https://doi.org/10.1145/777792},
  doi       = {10.1145/777792},
  isbn      = {1-58113-663-3},
  timestamp = {Tue, 06 Nov 2018 16:57:04 +0100},
  biburl    = {https://dblp.org/rec/bib/conf/compgeom/2003},
  bibsource = {dblp computer science bibliography, https://dblp.org}
}

@proceedings{DBLP:conf/focs/2003,
  title     = {44th Symposium on Foundations of Computer Science {(FOCS} 2003), 11-14
               October 2003, Cambridge, MA, USA, Proceedings},
  publisher = {{IEEE} Computer Society},
  year      = {2003},
  url       = {http://ieeexplore.ieee.org/xpl/mostRecentIssue.jsp?punumber=8767},
  isbn      = {0-7695-2040-5},
  timestamp = {Mon, 15 Dec 2014 18:48:44 +0100},
  biburl    = {https://dblp.org/rec/bib/conf/focs/2003},
  bibsource = {dblp computer science bibliography, https://dblp.org}
}

@proceedings{DBLP:conf/wads/2003,
  editor    = {Frank K. H. A. Dehne and
               J{\"{o}}rg{-}R{\"{u}}diger Sack and
               Michiel H. M. Smid},
  title     = {Algorithms and Data Structures, 8th International Workshop, {WADS}
               2003, Ottawa, Ontario, Canada, July 30 - August 1, 2003, Proceedings},
  series    = {Lecture Notes in Computer Science},
  volume    = {2748},
  publisher = {Springer},
  year      = {2003},
  url       = {https://doi.org/10.1007/b11837},
  doi       = {10.1007/b11837},
  isbn      = {3-540-40545-3},
  timestamp = {Tue, 14 May 2019 10:00:50 +0200},
  biburl    = {https://dblp.org/rec/bib/conf/wads/2003},
  bibsource = {dblp computer science bibliography, https://dblp.org}
}

@proceedings{DBLP:conf/cccg/2002,
  title     = {Proceedings of the 14th Canadian Conference on Computational Geometry,
               University of Lethbridge, Alberta, Canada, August 12-14, 2002},
  year      = {2002},
  timestamp = {Wed, 26 Sep 2012 12:22:14 +0200},
  biburl    = {https://dblp.org/rec/bib/conf/cccg/2002},
  bibsource = {dblp computer science bibliography, https://dblp.org}
}

@proceedings{DBLP:conf/isaac/2002,
  editor    = {Prosenjit Bose and
               Pat Morin},
  title     = {Algorithms and Computation, 13th International Symposium, {ISAAC}
               2002 Vancouver, BC, Canada, November 21-23, 2002, Proceedings},
  series    = {Lecture Notes in Computer Science},
  volume    = {2518},
  publisher = {Springer},
  year      = {2002},
  url       = {https://doi.org/10.1007/3-540-36136-7},
  doi       = {10.1007/3-540-36136-7},
  isbn      = {3-540-00142-5},
  timestamp = {Tue, 14 May 2019 10:00:50 +0200},
  biburl    = {https://dblp.org/rec/bib/conf/isaac/2002},
  bibsource = {dblp computer science bibliography, https://dblp.org}
}

@proceedings{DBLP:conf/latin/2002,
  editor    = {Sergio Rajsbaum},
  title     = {{LATIN} 2002: Theoretical Informatics, 5th Latin American Symposium,
               Cancun, Mexico, April 3-6, 2002, Proceedings},
  series    = {Lecture Notes in Computer Science},
  volume    = {2286},
  publisher = {Springer},
  year      = {2002},
  url       = {https://doi.org/10.1007/3-540-45995-2},
  doi       = {10.1007/3-540-45995-2},
  isbn      = {3-540-43400-3},
  timestamp = {Tue, 14 May 2019 10:00:53 +0200},
  biburl    = {https://dblp.org/rec/bib/conf/latin/2002},
  bibsource = {dblp computer science bibliography, https://dblp.org}
}

@proceedings{DBLP:conf/soda/2002,
  editor    = {David Eppstein},
  title     = {Proceedings of the Thirteenth Annual {ACM-SIAM} Symposium on Discrete
               Algorithms, January 6-8, 2002, San Francisco, CA, {USA}},
  publisher = {{ACM/SIAM}},
  year      = {2002},
  url       = {http://dl.acm.org/citation.cfm?id=545381},
  isbn      = {0-89871-513-X},
  timestamp = {Fri, 07 Dec 2012 17:02:08 +0100},
  biburl    = {https://dblp.org/rec/bib/conf/soda/2002},
  bibsource = {dblp computer science bibliography, https://dblp.org}
}

@proceedings{DBLP:conf/soda/2001,
  editor    = {S. Rao Kosaraju},
  title     = {Proceedings of the Twelfth Annual Symposium on Discrete Algorithms,
               January 7-9, 2001, Washington, DC, {USA}},
  publisher = {{ACM/SIAM}},
  year      = {2001},
  url       = {http://dl.acm.org/citation.cfm?id=365411},
  isbn      = {0-89871-490-7},
  timestamp = {Fri, 07 Dec 2012 17:02:08 +0100},
  biburl    = {https://dblp.org/rec/bib/conf/soda/2001},
  bibsource = {dblp computer science bibliography, https://dblp.org}
}

@proceedings{DBLP:conf/cccg/2000,
  title     = {Proceedings of the 12th Canadian Conference on Computational Geometry,
               Fredericton, New Brunswick, Canada, August 16-19, 2000},
  year      = {2000},
  timestamp = {Wed, 26 Sep 2012 12:22:14 +0200},
  biburl    = {https://dblp.org/rec/bib/conf/cccg/2000},
  bibsource = {dblp computer science bibliography, https://dblp.org}
}

@proceedings{DBLP:conf/jcdcg/2000,
  editor    = {Jin Akiyama and
               Mikio Kano and
               Masatsugu Urabe},
  title     = {Discrete and Computational Geometry, Japanese Conference, {JCDCG}
               2000, Tokyo, Japan, November, 22-25, 2000, Revised Papers},
  series    = {Lecture Notes in Computer Science},
  volume    = {2098},
  publisher = {Springer},
  year      = {2001},
  url       = {https://doi.org/10.1007/3-540-47738-1},
  doi       = {10.1007/3-540-47738-1},
  isbn      = {3-540-42306-0},
  timestamp = {Tue, 14 May 2019 10:00:52 +0200},
  biburl    = {https://dblp.org/rec/bib/conf/jcdcg/2000},
  bibsource = {dblp computer science bibliography, https://dblp.org}
}

@proceedings{DBLP:conf/swat/2000,
  editor    = {Magn{\'{u}}s M. Halld{\'{o}}rsson},
  title     = {Algorithm Theory - {SWAT} 2000, 7th Scandinavian Workshop on Algorithm
               Theory, Bergen, Norway, July 5-7, 2000, Proceedings},
  series    = {Lecture Notes in Computer Science},
  volume    = {1851},
  publisher = {Springer},
  year      = {2000},
  url       = {https://doi.org/10.1007/3-540-44985-X},
  doi       = {10.1007/3-540-44985-X},
  isbn      = {3-540-67690-2},
  timestamp = {Sun, 02 Jun 2019 21:15:18 +0200},
  biburl    = {https://dblp.org/rec/bib/conf/swat/2000},
  bibsource = {dblp computer science bibliography, https://dblp.org}
}

