@book{cormen-iii,
	author={Thomas H. Cormen and
		Charles E. Leiserson and
		Ronald L. Rivest and
		Clifford Stein},
	title={Introduction to Algorithms},
	publisher={Massachusetts Institute of Technology},
	year={2009},
	edition={Third},
}

@book{kreveld-cg,
	author={Mark de Berg and
		Otfried Cheong and
		Marc van Jreveld and
		Mark Overmars},
	title={Computational Geometry. Algorithms and Applications},
	edition={Third},
	year={2008},
	publisher={Springer},
	key={DOI 10.1007/978-3-540-77974-2},
	note={ISBN 978-3-540-77973-5},
}

@inproceedings{sevd,
	author={Arseneva, Elena and
		Iacono, John and
		Koumoutsos, Greg and
		Langerman, Stefan	and
		Zolotov, Boris},
	title={Sublinear Explicit Incremental Planar Voronoi Diagrams},
	booktitle={The 22-nd Japan Conference
		on Discrete and Computational Geometry,
		Graphs, and Games},
	year={2019},
	pages={35–36},
	month={September},
	organization={Tokyo University of Science}
}

@article{chan-dnn,
  author    = {Timothy M. Chan},
  title     = {A dynamic data structure for 3-D convex hulls and 2-D nearest neighbor
               queries},
  journal   = {J. {ACM}},
  volume    = {57},
  number    = {3},
  pages     = {16:1--16:15},
  year      = {2010},
  url       = {https://doi.org/10.1145/1706591.1706596},
  doi       = {10.1145/1706591.1706596},
  timestamp = {Tue, 06 Nov 2018 00:00:00 +0100},
  biburl    = {https://dblp.org/rec/bib/journals/jacm/Chan10},
  bibsource = {dblp computer science bibliography, https://dblp.org}
}

@inproceedings{Chan19,
  author    = {Timothy M. Chan},
  title     = {Dynamic Geometric Data Structures via Shallow Cuttings},
  booktitle = {35th International Symposium on Computational Geometry, SoCG 2019},
  pages     = {24:1--24:13},
  year      = {2019},
  url       = {https://doi.org/10.4230/LIPIcs.SoCG.2019.24},
  doi       = {10.4230/LIPIcs.SoCG.2019.24},
  timestamp = {Mon, 11 Nov 2019 07:51:20 +0100},
  biburl    = {https://dblp.org/rec/bib/conf/compgeom/Chan19},
  bibsource = {dblp computer science bibliography, https://dblp.org}
}


@article{incremental-vd,
  author    = {Sarah R. Allen and
               Luis Barba and
               John Iacono and
               Stefan Langerman},
  title     = {Incremental Voronoi Diagrams},
  journal   = {Discrete {\&} Computational Geometry},
  volume    = {58},
  number    = {4},
  pages     = {822--848},
  year      = {2017},
  url       = {https://doi.org/10.1007/s00454-017-9943-2},
  doi       = {10.1007/s00454-017-9943-2},
  timestamp = {Fri, 30 Nov 2018 00:00:00 +0100},
  biburl    = {https://dblp.org/rec/bib/journals/dcg/AllenBIL17},
  bibsource = {dblp computer science bibliography, https://dblp.org}
}

@article{grappa,
	author={Boris Aronov and Prosenjit Bose and
		Erik D. Demaine and Joachim Gudmundsson and
		John Iacono and Stefan Langerman and
		Michiel Smid},
	title={Data Structures for Halfplane Proximity Queries
		and Incremental Voronoi Diagrams},
	journal={Algorithmica},
	year={2018}, month={November},
	volume={80}, number={11},
	pages={3316–34},
	key={https://doi.org/10.1007/s00453-017-0389-y},
}

@inproceedings{gr93,
  title={Scapegoat trees},
  author={Galperin, Igal and Rivest, Ronald L},
  booktitle={Proceedings of the fourth annual ACM-SIAM Symposium on Discrete algorithms},
  pages={165--174},
  year={1993},
  organization={Society for Industrial and Applied Mathematics}
}

@article{A99,
  title={General balanced trees},
  author={Andersson, Arne},
  journal={Journal of Algorithms},
  volume={30},
  number={1},
  pages={1--18},
  year={1999},
  publisher={Elsevier}
}

%deletion in expected linear time
@inproceedings{JP18,
  author    = {Kolja Junginger and
               Evanthia Papadopoulou},
  title     = {Deletion in Abstract Voronoi Diagrams in Expected Linear Time},
  booktitle = {34th International Symposium on Computational Geometry, SoCG 2018,
               June 11-14, 2018, Budapest, Hungary},
  pages     = {50:1--50:14},
  year      = {2018},
  url       = {https://doi.org/10.4230/LIPIcs.SoCG.2018.50},
  doi       = {10.4230/LIPIcs.SoCG.2018.50},
  timestamp = {Thu, 02 May 2019 17:40:15 +0200},
  biburl    = {https://dblp.org/rec/bib/conf/compgeom/JungingerP18},
  bibsource = {dblp computer science bibliography, https://dblp.org}
}

%------------
% Davenport—Schinzel Sequences

@book{sadavschi,
	author={Sharir, Micha and Agarwal, {Pankaj K.}},
	title={{Davenport} – {Schinzel} sequences and their geometric applications},
	year={1995},
	isbn={0521470250},
	editor={ },
	publisher={Cambridge Academic}
}

@article{dstrees,
	author={Klazar, Martin},
	title={Combinatorial aspects of {Davenport} – {Schinzel} sequences},
	journal={Discrete Mathematics},
	year={1997},
	volume={165/166},
	pages={431-445}
}

@article{dssplay,
	author = {Pettie, Seth},
	year = {2007},
	month = {08},
	pages = {},
	title = {{Splay} {Trees}, {Davenport} – {Schinzel} {Sequences}, and the {Deque} {Conjecture}},
	journal = {Proceedings of the Annual ACM-SIAM Symposium on Discrete Algorithms},
	doi = {10.1145/1347082.1347204}
}
